2790 4740
236 399 272 437 10
534 381 923 478 FLORlDOllUMNLlBER
945 387 968 443 Ι.

232 519 266 576 et
290 507 387 600 vestis
409 520 499 577 textu
522 509 651 596 tenuis,
668 523 763 578 ‘tactu
785 507 918 598 mollis,
945 533 1093 606 purpura
1118 511 1275 582 radians?

160 659 162 674 '
231 651 346 744 Quidl
368 651 459 748 quod
486 667 518 722 et
544 652 616 748 lyra
640 654 711 746 ejus
737 679 819 724 auno
844 637 1010 752 fulgurat²
1036 657 1137 728 ebore
1162 659 1275 728 candi·

232 812 305 883 eat,
334 797 471 892 gemmis
501 796 670 892 vai-iegati
699 796 817 888 Quid?
843 799 934 894 quod
962 814 995 870 et
1022 799 1211 872 doctissime
1241 818 1275 872 et

232 943 415 1038 gratissime
436 939 608 1011 cantillat?
632 946 708 1012 Haec
732 944 866 1030 omnia,
890 945 1021 1039 inquit,
1044 944 1273 1040 blandimenta

232 1115 439 1183 nequaquam
460 1090 576 1159 virtuti
596 1089 737 1175 decom,
759 1088 817 1159 sed
837 1089 977 1162 luxuriae
1000 1091 1273 1177 accommodata;

231 1248 349 1304 contra
367 1205 577 1329 corporissui
592 1233 786 1328 qualitatem
807 1259 865 1328 per
886 1261 920 1302 se
941 1238 1117 1308 maximam
1129 1237 1272 1330 speciem

231 1393 407 1450 ostentare.
428 1380 541 1450 Risere
558 1382 683 1467 Musae,
701 1405 805 1474 quum
828 1379 982 1452 audirent
1003 1381 1067 1450 hoe
1085 1405 1191 1476 genus
1210 1385 1273 1452 cni-

231 1525 342 1610 mina,
362 1523 502 1618 sapienti
521 1524 727 1620 exoptanda,
753 1521 897 1618 Apollini
921 1524 1084 1618 objectate
1107 1551 1115 1593 :
1140 1541 1171 1593 et
1196 1525 1272 1594 tibi·

231 1671 339 1739 cinem
364 1667 456 1738 illum
482 1671 662 1744 certamine
685 1686 896 1763 superatum,
921 1668 1013 1739 velut
1040 1695 1156 1740 ursum
1181 1671 1273 1766 bipe-

231 1816 304 1884 dem
316 1776 334 1903 ,ι
347 1816 439 1886 corio
457 1831 605 1900 exsecto,
627 1815 723 1885 nudis
742 1831 775 1884 et
795 1817 909 1886 laceris
929 1805 1112 1922 visceribus
1132 1815 1273 1911 relique·

231 1976 321 2032 runt.
334 1964 384 2031 Ita
397 1965 545 2056 Marsyas
558 1963 591 2030 in
608 1987 737 2056 poeoam
749 1963 886 2049 oceidit,
902 1975 933 2030 et
947 1961 1082 2034 occidis
1091 1964 1273 2034 Enimvero

232 2105 420 2201 Apollinem
438 2121 504 2179 tam
521 2104 656 2176 humilis
674 2107 820 2178 victoniae
837 2107 993 2201 puditum
1009 2096 1068 2177 est.
1093 2115 1096 2124 “
1128 2113 1142 2122 ”

281 2433 338 2500 IV.
364 2431 500 2500 Tibicen
521 2427 656 2524 quidam
677 2427 740 2496 luit
759 2425 999 2522 Antigenidas,
1019 2427 1131 2498 omnis
1146 2427 1273 2498 voculae

232 2573 368 2646 melleus
400 2573 610 2658 modulator,
642 2587 675 2643 et
706 2571 793 2642 idem
823 2544 980 2642 ¹omnibus
1011 2570 1119 2641 modis
1146 2575 1274 2668 penitus

118 2788 122 2800 ,
235 2719 462 2808 inodilicaton3
480 2744 536 2789 seu
557 2705 593 2787 tn
617 2717 715 2788 velles
734 2683 869 2787 ¹aeolium
892 2715 1049 2810 simplex,
1069 2741 1125 2786 seu
1153 2717 1272 2786 iasium

233 2865 383 2952 varium,
403 2889 460 2936 seu
485 2862 609 2958 lydium
634 2861 831 2957 querulum,
853 2887 908 2934 seu
939 2863 1118 2959 phrygium
1141 2860 1275 2958 religio·

233 3035 325 3098 sum,
353 3035 410 3080 seu
436 3009 567 3079 dorium
596 3007 800 3078 bellicosum.
819 3013 853 3078 Is
879 3011 981 3104 igitur
1006 3033 1110 3103 quum
1133 3023 1218 3078 esset
1237 3009 1271 3076 in
1315 3097 1319 3102 ¹

235 3149 383 3225 tibicinio
411 3155 561 3250 opprime
588 3152 727 3243 nobilis,
748 3153 830 3224 nihil
862 3179 956 3248 aeque
985 3179 1019 3224 se
1049 3153 1217 3238 laborare,
1240 3166 1275 3221 et

232 3300 344 3368 animo
365 3299 443 3394 angi
464 3313 497 3366 et
519 3313 649 3385 mente,
670 3297 822 3386 dicebat,
844 3321 943 3394 quam
964 3296 1055 3390 quod
1076 3319 1287 3388 monumen·

233 3445 310 3514 terii
324 3441 463 3514 ceraulae
477 3443 628 3514 tibicines
641 3442 842 3512 dicerentur.
858 3440 923 3516 sed
937 3440 1038 3512 lenset
1051 3465 1145 3535 aequo
1160 3441 1274 3510 ¹{ammo

232 3588 320 3658 hano
343 3589 516 3657 nominum
542 3588 830 3675 communionem,
856 3589 882 3655 si
908 3587 1026 3656 mimos
1050 3572 1273 3689 epectasisset.

126 3820 129 3824 ¹
233 3732 521 3810 Animadverteret
545 3731 613 3802 illic
636 3759 729 3828 paene
755 3731 853 3802 simili
879 3757 1026 3830 purpura
1052 3731 1135 3802 alio's
1159 3733 1273 3828 praesi-

233 3877 329 3965 dere,
347 3876 429 3948 elios
453 3877 631 3974 vapulare3
654 3877 768 3948 itidem
793 3878 819 3948 si
843 3903 980 3948 munem
1000 3893 1118 3950 nostra
1142 3891 1274 3973 specta-

233 4038 281 4097 tet
301 4049 309 4091 :
328 4046 404 4093 nam
422 4021 487 4090 illic
506 4047 639 4116 quoque
659 4021 787 4093 videret
806 4022 976 4092 hominem
997 4021 1189 4118 psaesidene,
1211 4023 1274 4090 ho·
