<?xml version="1.0" encoding="UTF-8"?>
<!DOCTYPE html PUBLIC "-//W3C//DTD XHTML 1.0 Transitional//EN"
    "http://www.w3.org/TR/xhtml1/DTD/xhtml1-transitional.dtd">
<html xmlns="http://www.w3.org/1999/xhtml" xml:lang="en" lang="en">
 <head>
  <title>
</title>
<meta http-equiv="Content-Type" content="text/html;charset=utf-8" />
  <meta name='ocr-system' content='tesseract 3.04.00' />
  <meta name='ocr-capabilities' content='ocr_page ocr_carea ocr_par ocr_line ocrx_word'/>
</head>
<body>
  <div class='ocr_page' id='page_1' title='image "apule01apulgoog_0074.png"; bbox 0 0 2790 4740; ppageno 0'>
   <div class='ocr_carea' id='block_1_1' title="bbox 256 364 1370 1309">
    <p class='ocr_par' dir='ltr' id='par_1_1' title="bbox 256 364 1009 426">
     <span class='ocr_line' id='line_1_1' title="bbox 256 364 1009 426; baseline 0.003 -4"><span class='ocrx_word' id='word_1_1' title='bbox 256 364 293 422; x_wconf 81' lang='grc'><strong>56</strong></span> <span class='ocrx_word' id='word_1_2' title='bbox 546 367 803 424; x_wconf 75' lang='lat' dir='ltr'>FIDBJDORUM</span> <span class='ocrx_word' id='word_1_3' title='bbox 825 368 938 424; x_wconf 76' lang='lat' dir='ltr'><strong>uultu</strong></span> <span class='ocrx_word' id='word_1_4' title='bbox 958 369 1009 426; x_wconf 88' lang='lat' dir='ltr'><strong>lll.</strong></span> 
     </span>
    </p>

    <p class='ocr_par' dir='ltr' id='par_1_2' title="bbox 257 490 1370 1309">
     <span class='ocr_line' id='line_1_2' title="bbox 257 490 1298 585; baseline -0.006 -22"><span class='ocrx_word' id='word_1_5' title='bbox 257 495 374 585; x_wconf 81' lang='lat' dir='ltr'><strong>iugens</strong></span> <span class='ocrx_word' id='word_1_6' title='bbox 399 491 573 564; x_wconf 88' lang='lat' dir='ltr'><strong>homiuum</strong></span> <span class='ocrx_word' id='word_1_7' title='bbox 602 493 788 585; x_wconf 78' lang='lat' dir='ltr'><strong>frequentia</strong></span> <span class='ocrx_word' id='word_1_8' title='bbox 818 518 1027 580; x_wconf 79' lang='lat' dir='ltr'><strong>convenere3</strong></span> <span class='ocrx_word' id='word_1_9' title='bbox 1052 515 1125 560; x_wconf 86' lang='lat' dir='ltr'><strong>sese</strong></span> <span class='ocrx_word' id='word_1_10' title='bbox 1152 490 1298 583; x_wconf 86' lang='lat' dir='ltr'><strong>quisque</strong></span> 
     </span>
     <span class='ocr_line' id='line_1_3' title="bbox 257 633 1354 732; baseline -0.002 -28"><span class='ocrx_word' id='word_1_11' title='bbox 257 633 474 704; x_wconf 80' lang='lat' dir='ltr'><strong>exadversum</strong></span> <span class='ocrx_word' id='word_1_12' title='bbox 497 659 599 729; x_wconf 86' lang='lat' dir='ltr'><strong>quam</strong></span> <span class='ocrx_word' id='word_1_13' title='bbox 619 637 770 731; x_wconf 81' lang='lat' dir='ltr'><strong>proxime</strong></span> <span class='ocrx_word' id='word_1_14' title='bbox 792 636 968 708; x_wconf 75' lang='lat' dir='ltr'><strong>collocant.</strong></span> <span class='ocrx_word' id='word_1_15' title='bbox 993 639 1092 707; x_wconf 88' lang='lat' dir='ltr'><strong>Serus</strong></span> <span class='ocrx_word' id='word_1_16' title='bbox 1115 635 1299 704; x_wconf 81' lang='lat' dir='ltr'><strong>adveniens</strong></span> <span class='ocrx_word' id='word_1_17' title='bbox 1351 719 1354 732; x_wconf 30' lang='grc' dir='ltr'>Ι</span> 
     </span>
     <span class='ocr_line' id='line_1_4' title="bbox 257 779 1300 877; baseline 0.002 -30"><span class='ocrx_word' id='word_1_18' title='bbox 257 779 373 849; x_wconf 88' lang='lat' dir='ltr'><strong>amicis</strong></span> <span class='ocrx_word' id='word_1_19' title='bbox 391 781 510 849; x_wconf 89' lang='lat' dir='ltr'><strong>annuit</strong></span> <span class='ocrx_word' id='word_1_20' title='bbox 530 806 538 848; x_wconf 75' lang='grc' dir='ltr'><em>τ</em></span> <span class='ocrx_word' id='word_1_21' title='bbox 559 779 669 850; x_wconf 86' lang='lat' dir='ltr'><strong>locum</strong></span> <span class='ocrx_word' id='word_1_22' title='bbox 689 785 792 854; x_wconf 87' lang='lat' dir='ltr'><strong>sessui</strong></span> <span class='ocrx_word' id='word_1_23' title='bbox 811 784 1027 877; x_wconf 71' lang='lat' dir='ltr'><strong>impertiunt,</strong></span> <span class='ocrx_word' id='word_1_24' title='bbox 1045 783 1188 852; x_wconf 84' lang='lat' dir='ltr'><strong>extimus</strong></span> <span class='ocrx_word' id='word_1_25' title='bbox 1205 782 1300 874; x_wconf 91' lang='lat' dir='ltr'><strong>quis·</strong></span> 
     </span>
     <span class='ocr_line' id='line_1_5' title="bbox 258 915 1300 1020; baseline 0.004 -30"><span class='ocrx_word' id='word_1_26' title='bbox 258 915 324 1017; x_wconf 85' lang='lat' dir='ltr'><strong>que</strong></span> <span class='ocrx_word' id='word_1_27' title='bbox 348 925 523 1002; x_wconf 75' lang='lat' dir='ltr'><strong>excuneati</strong></span> <span class='ocrx_word' id='word_1_28' title='bbox 547 940 755 1018; x_wconf 79' lang='lat' dir='ltr'><strong>queruntur3</strong></span> <span class='ocrx_word' id='word_1_29' title='bbox 782 926 869 996; x_wconf 79' lang='lat' dir='ltr'><strong>farto</strong></span> <span class='ocrx_word' id='word_1_30' title='bbox 897 941 970 996; x_wconf 90' lang='lat' dir='ltr'><strong>toto</strong></span> <span class='ocrx_word' id='word_1_31' title='bbox 997 927 1150 1011; x_wconf 84' lang='lat' dir='ltr'><strong>theatro,</strong></span> <span class='ocrx_word' id='word_1_32' title='bbox 1178 926 1300 1020; x_wconf 83' lang='lat' dir='ltr'><strong>iugens</strong></span> 
     </span>
     <span class='ocr_line' id='line_1_6' title="bbox 259 1067 1300 1162; baseline 0 -26"><span class='ocrx_word' id='word_1_33' title='bbox 259 1068 415 1162; x_wconf 71' lang='lat' dir='ltr'><strong>stipatio,</strong></span> <span class='ocrx_word' id='word_1_34' title='bbox 438 1067 611 1162; x_wconf 83' lang='lat' dir='ltr'><strong>occipiunt</strong></span> <span class='ocrx_word' id='word_1_35' title='bbox 635 1069 723 1138; x_wconf 88' lang='lat' dir='ltr'><strong>iuter</strong></span> <span class='ocrx_word' id='word_1_36' title='bbox 744 1093 779 1137; x_wconf 89' lang='lat' dir='ltr'><strong>se</strong></span> <span class='ocrx_word' id='word_1_37' title='bbox 800 1070 905 1162; x_wconf 91' lang='lat' dir='ltr'><strong>queri.</strong></span> <span class='ocrx_word' id='word_1_38' title='bbox 930 1070 998 1158; x_wconf 86' lang='lat' dir='ltr'><strong>Qui</strong></span> <span class='ocrx_word' id='word_1_39' title='bbox 1022 1093 1089 1136; x_wconf 92' lang='lat' dir='ltr'><strong>non</strong></span> <span class='ocrx_word' id='word_1_40' title='bbox 1110 1067 1300 1155; x_wconf 85' lang='lat' dir='ltr'><strong>affuerant,</strong></span> 
     </span>
     <span class='ocr_line' id='line_1_7' title="bbox 260 1213 1370 1309; baseline 0.001 -27"><span class='ocrx_word' id='word_1_41' title='bbox 260 1216 450 1309; x_wconf 86' lang='lat' dir='ltr'><strong>percontari</strong></span> <span class='ocrx_word' id='word_1_42' title='bbox 468 1229 547 1284; x_wconf 86' lang='lat' dir='ltr'><strong>ante</strong></span> <span class='ocrx_word' id='word_1_43' title='bbox 563 1214 653 1284; x_wconf 83' lang='lat' dir='ltr'><strong>dicta</strong></span> <span class='ocrx_word' id='word_1_44' title='bbox 674 1241 682 1283; x_wconf 91' lang='lat'><strong>:</strong></span> <span class='ocrx_word' id='word_1_45' title='bbox 700 1217 758 1309; x_wconf 87' lang='lat' dir='ltr'><strong>qui</strong></span> <span class='ocrx_word' id='word_1_46' title='bbox 776 1213 961 1301; x_wconf 76' lang='lat' dir='ltr'><strong>affiierant,</strong></span> <span class='ocrx_word' id='word_1_47' title='bbox 980 1213 1147 1285; x_wconf 89' lang='lat' dir='ltr'><strong>recordari</strong></span> <span class='ocrx_word' id='word_1_48' title='bbox 1164 1213 1301 1304; x_wconf 80' lang='lat' dir='ltr'><strong>audita,</strong></span> <span class='ocrx_word' id='word_1_49' title='bbox 1369 1263 1370 1266; x_wconf 20' lang='grc' dir='ltr'><strong>κ</strong></span> 
     </span>
    </p>
   </div>
   <div class='ocr_carea' id='block_1_2' title="bbox 261 1347 1301 1454">
    <p class='ocr_par' dir='ltr' id='par_1_3' title="bbox 261 1347 1301 1454">
     <span class='ocr_line' id='line_1_8' title="bbox 261 1347 1301 1454; baseline 0.002 -26"><span class='ocrx_word' id='word_1_50' title='bbox 261 1358 455 1454; x_wconf 87' lang='lat' dir='ltr'><strong>cunctisque</strong></span> <span class='ocrx_word' id='word_1_51' title='bbox 472 1357 540 1452; x_wconf 86' lang='lat' dir='ltr'><strong>jam</strong></span> <span class='ocrx_word' id='word_1_52' title='bbox 560 1347 732 1454; x_wconf 83' lang='lat' dir='ltr'><strong>prioribus¹</strong></span> <span class='ocrx_word' id='word_1_53' title='bbox 748 1360 881 1454; x_wconf 83' lang='lat' dir='ltr'><strong>gnaris,</strong></span> <span class='ocrx_word' id='word_1_54' title='bbox 904 1361 1077 1452; x_wconf 78' lang='lat' dir='ltr'><strong>sequentia</strong></span> <span class='ocrx_word' id='word_1_55' title='bbox 1098 1375 1301 1452; x_wconf 82' lang='lat' dir='ltr'><strong>exspectare.</strong></span> 
     </span>
    </p>
   </div>
   <div class='ocr_carea' id='block_1_3' title="bbox 311 1817 1305 1914">
    <p class='ocr_par' dir='ltr' id='par_1_4' title="bbox 311 1817 1305 1914">
     <span class='ocr_line' id='line_1_9' title="bbox 311 1817 1305 1914; baseline -0.005 -26"><span class='ocrx_word' id='word_1_56' title='bbox 311 1823 450 1890; x_wconf 77' lang='lat' dir='ltr'><strong>Interim</strong></span> <span class='ocrx_word' id='word_1_57' title='bbox 470 1821 541 1890; x_wconf 89' lang='lat' dir='ltr'><strong>dies</strong></span> <span class='ocrx_word' id='word_1_58' title='bbox 563 1823 629 1908; x_wconf 92' lang='lat' dir='ltr'><strong>ire,</strong></span> <span class='ocrx_word' id='word_1_59' title='bbox 648 1843 754 1914; x_wconf 85' lang='lat' dir='ltr'><strong>neque</strong></span> <span class='ocrx_word' id='word_1_60' title='bbox 772 1818 946 1888; x_wconf 80' lang='lat' dir='ltr'><strong>Philemon</strong></span> <span class='ocrx_word' id='word_1_61' title='bbox 968 1818 1010 1888; x_wconf 89' lang='lat' dir='ltr'><strong>ad</strong></span> <span class='ocrx_word' id='word_1_62' title='bbox 1030 1817 1223 1888; x_wconf 85' lang='lat' dir='ltr'><strong>condictum</strong></span> <span class='ocrx_word' id='word_1_63' title='bbox 1247 1841 1305 1884; x_wconf 84' lang='lat' dir='ltr'><strong>ve·</strong></span> 
     </span>
    </p>
   </div>
   <div class='ocr_carea' id='block_1_4' title="bbox 264 1959 1305 2061">
    <p class='ocr_par' dir='ltr' id='par_1_5' title="bbox 264 1959 1305 2061">
     <span class='ocr_line' id='line_1_10' title="bbox 264 1959 1305 2061; baseline -0.008 -25"><span class='ocrx_word' id='word_1_64' title='bbox 264 1968 356 2053; x_wconf 84' lang='lat' dir='ltr'><strong>nire;</strong></span> <span class='ocrx_word' id='word_1_65' title='bbox 376 1966 512 2061; x_wconf 88' lang='lat' dir='ltr'><strong>quidam</strong></span> <span class='ocrx_word' id='word_1_66' title='bbox 537 1965 724 2037; x_wconf 75' lang='lat' dir='ltr'><strong>tarditatem</strong></span> <span class='ocrx_word' id='word_1_67' title='bbox 745 1978 850 2058; x_wconf 80' lang='lat' dir='ltr'><strong>poete</strong></span> <span class='ocrx_word' id='word_1_68' title='bbox 871 1963 1092 2049; x_wconf 89' lang='lat' dir='ltr'><strong>murmurari,</strong></span> <span class='ocrx_word' id='word_1_69' title='bbox 1115 1959 1227 2055; x_wconf 84' lang='lat' dir='ltr'><strong>plures</strong></span> <span class='ocrx_word' id='word_1_70' title='bbox 1246 1961 1305 2028; x_wconf 90' lang='lat' dir='ltr'><strong>de·</strong></span> 
     </span>
    </p>
   </div>
   <div class='ocr_carea' id='block_1_5' title="bbox 265 2105 1379 2201">
    <p class='ocr_par' dir='ltr' id='par_1_6' title="bbox 265 2105 1379 2201">
     <span class='ocr_line' id='line_1_11' title="bbox 265 2105 1379 2201; baseline -0.004 -22"><span class='ocrx_word' id='word_1_71' title='bbox 265 2109 411 2180; x_wconf 84' lang='lat' dir='ltr'><strong>fondere.</strong></span> <span class='ocrx_word' id='word_1_72' title='bbox 433 2109 501 2179; x_wconf 85' lang='lat' dir='ltr'><strong>Sed</strong></span> <span class='ocrx_word' id='word_1_73' title='bbox 522 2109 578 2178; x_wconf 91' lang='lat' dir='ltr'><strong>ubi</strong></span> <span class='ocrx_word' id='word_1_74' title='bbox 602 2108 729 2177; x_wconf 88' lang='lat' dir='ltr'><strong>diutius</strong></span> <span class='ocrx_word' id='word_1_75' title='bbox 751 2133 846 2201; x_wconf 82' lang='lat' dir='ltr'><strong>aequo</strong></span> <span class='ocrx_word' id='word_1_76' title='bbox 869 2107 1020 2195; x_wconf 85' lang='lat' dir='ltr'><strong>sedetur,</strong></span> <span class='ocrx_word' id='word_1_77' title='bbox 1045 2131 1106 2175; x_wconf 88' lang='lat' dir='ltr'><strong>nec</strong></span> <span class='ocrx_word' id='word_1_78' title='bbox 1128 2105 1305 2176; x_wconf 87' lang='lat' dir='ltr'><strong>Philemon</strong></span> <span class='ocrx_word' id='word_1_79' title='bbox 1378 2191 1379 2198; x_wconf 6' lang='grc' dir='ltr'>ἵ</span> 
     </span>
    </p>
   </div>
   <div class='ocr_carea' id='block_1_6' title="bbox 182 2253 1381 3931">
    <p class='ocr_par' dir='ltr' id='par_1_7' title="bbox 182 2253 1381 3931">
     <span class='ocr_line' id='line_1_12' title="bbox 266 2253 1306 2349; baseline -0.004 -25"><span class='ocrx_word' id='word_1_80' title='bbox 266 2256 396 2348; x_wconf 88' lang='lat' dir='ltr'><strong>uspiam</strong></span> <span class='ocrx_word' id='word_1_81' title='bbox 424 2269 616 2349; x_wconf 83' lang='lat' dir='ltr'><strong>comparet3</strong></span> <span class='ocrx_word' id='word_1_82' title='bbox 641 2255 732 2322; x_wconf 90' lang='lat' dir='ltr'><strong>missi</strong></span> <span class='ocrx_word' id='word_1_83' title='bbox 757 2279 797 2322; x_wconf 87' lang='lat' dir='ltr'><strong>ex</strong></span> <span class='ocrx_word' id='word_1_84' title='bbox 825 2254 1107 2348; x_wconf 83' lang='lat' dir='ltr'><strong>promptioribus,</strong></span> <span class='ocrx_word' id='word_1_85' title='bbox 1133 2253 1191 2349; x_wconf 91' lang='lat' dir='ltr'><strong>qui</strong></span> <span class='ocrx_word' id='word_1_86' title='bbox 1217 2255 1306 2322; x_wconf 91' lang='lat' dir='ltr'><strong>acci-</strong></span> 
     </span>
     <span class='ocr_line' id='line_1_13' title="bbox 265 2395 1381 2492; baseline -0.002 -26"><span class='ocrx_word' id='word_1_87' title='bbox 265 2413 361 2485; x_wconf 87' lang='lat' dir='ltr'><strong>rent,</strong></span> <span class='ocrx_word' id='word_1_88' title='bbox 377 2413 478 2492; x_wconf 83' lang='lat' dir='ltr'><strong>atque</strong></span> <span class='ocrx_word' id='word_1_89' title='bbox 492 2423 568 2468; x_wconf 87' lang='lat' dir='ltr'><strong>eum</strong></span> <span class='ocrx_word' id='word_1_90' title='bbox 584 2399 619 2466; x_wconf 91' lang='lat' dir='ltr'><strong>iu</strong></span> <span class='ocrx_word' id='word_1_91' title='bbox 635 2421 696 2466; x_wconf 91' lang='lat' dir='ltr'><strong>suo</strong></span> <span class='ocrx_word' id='word_1_92' title='bbox 712 2398 774 2468; x_wconf 90' lang='lat' dir='ltr'><strong>sibi</strong></span> <span class='ocrx_word' id='word_1_93' title='bbox 791 2395 913 2468; x_wconf 89' lang='lat' dir='ltr'><strong>lectulo</strong></span> <span class='ocrx_word' id='word_1_94' title='bbox 928 2411 1099 2468; x_wconf 88' lang='lat' dir='ltr'><strong>mortuum</strong></span> <span class='ocrx_word' id='word_1_95' title='bbox 1116 2395 1306 2467; x_wconf 84' lang='lat' dir='ltr'><strong>offendunt.</strong></span> <span class='ocrx_word' id='word_1_96' title='bbox 1380 2395 1381 2408; x_wconf 55' lang='lat'>¹</span> 
     </span>
     <span class='ocr_line' id='line_1_14' title="bbox 268 2541 1309 2636; baseline -0.006 -20"><span class='ocrx_word' id='word_1_97' title='bbox 268 2544 491 2622; x_wconf 84' lang='lat' dir='ltr'><strong>Commodum</strong></span> <span class='ocrx_word' id='word_1_98' title='bbox 519 2542 575 2616; x_wconf 92' lang='lat' dir='ltr'><strong>ille</strong></span> <span class='ocrx_word' id='word_1_99' title='bbox 601 2543 712 2614; x_wconf 85' lang='lat' dir='ltr'><strong>anima</strong></span> <span class='ocrx_word' id='word_1_100' title='bbox 740 2541 829 2611; x_wconf 87' lang='lat' dir='ltr'><strong>edita</strong></span> <span class='ocrx_word' id='word_1_101' title='bbox 855 2541 1046 2636; x_wconf 83' lang='lat' dir='ltr'><strong>obriguerat</strong></span> <span class='ocrx_word' id='word_1_102' title='bbox 1074 2568 1083 2609; x_wconf 90' lang='lat'>:</span> <span class='ocrx_word' id='word_1_103' title='bbox 1107 2542 1309 2636; x_wconf 87' lang='lat' dir='ltr'><strong>jacebatque</strong></span> 
     </span>
     <span class='ocr_line' id='line_1_15' title="bbox 269 2685 1307 2787; baseline 0.002 -33"><span class='ocrx_word' id='word_1_104' title='bbox 269 2688 467 2787; x_wconf 80' lang='lat' dir='ltr'><strong>incumbens</strong></span> <span class='ocrx_word' id='word_1_105' title='bbox 490 2703 583 2776; x_wconf 84' lang='lat' dir='ltr'><strong>toro,</strong></span> <span class='ocrx_word' id='word_1_106' title='bbox 601 2687 717 2756; x_wconf 90' lang='lat' dir='ltr'><strong>similis</strong></span> <span class='ocrx_word' id='word_1_107' title='bbox 738 2686 919 2781; x_wconf 80' lang='lat' dir='ltr'><strong>cogitanti3</strong></span> <span class='ocrx_word' id='word_1_108' title='bbox 939 2685 1049 2754; x_wconf 83' lang='lat' dir='ltr'><strong>adhue</strong></span> <span class='ocrx_word' id='word_1_109' title='bbox 1072 2710 1189 2755; x_wconf 90' lang='lat' dir='ltr'><strong>manus</strong></span> <span class='ocrx_word' id='word_1_110' title='bbox 1210 2687 1307 2756; x_wconf 90' lang='lat' dir='ltr'><strong>volu·</strong></span> 
     </span>
     <span class='ocr_line' id='line_1_16' title="bbox 269 2827 1311 2924; baseline 0.005 -26"><span class='ocrx_word' id='word_1_111' title='bbox 269 2830 352 2898; x_wconf 89' lang='lat' dir='ltr'><strong>mini</strong></span> <span class='ocrx_word' id='word_1_112' title='bbox 379 2827 544 2924; x_wconf 86' lang='lat' dir='ltr'><strong>implexa,</strong></span> <span class='ocrx_word' id='word_1_113' title='bbox 570 2829 679 2898; x_wconf 88' lang='lat' dir='ltr'><strong>adhuc</strong></span> <span class='ocrx_word' id='word_1_114' title='bbox 704 2855 741 2898; x_wconf 90' lang='lat' dir='ltr'><strong>os</strong></span> <span class='ocrx_word' id='word_1_115' title='bbox 767 2844 857 2899; x_wconf 88' lang='lat' dir='ltr'><strong>recto</strong></span> <span class='ocrx_word' id='word_1_116' title='bbox 883 2827 969 2896; x_wconf 91' lang='lat' dir='ltr'><strong>libro</strong></span> <span class='ocrx_word' id='word_1_117' title='bbox 995 2829 1193 2924; x_wconf 88' lang='lat' dir='ltr'><strong>impressum</strong></span> <span class='ocrx_word' id='word_1_118' title='bbox 1219 2833 1311 2902; x_wconf 85' lang='lat' dir='ltr'><strong>:sed</strong></span> 
     </span>
     <span class='ocr_line' id='line_1_17' title="bbox 182 2970 1310 3076; baseline 0.003 -35"><span class='ocrx_word' id='word_1_119' title='bbox 182 3069 187 3076; x_wconf 29' lang='lat'>¹</span> <span class='ocrx_word' id='word_1_120' title='bbox 269 2975 358 3042; x_wconf 91' lang='lat' dir='ltr'><strong>enim</strong></span> <span class='ocrx_word' id='word_1_121' title='bbox 373 2973 443 3066; x_wconf 89' lang='lat' dir='ltr'><strong>jam</strong></span> <span class='ocrx_word' id='word_1_122' title='bbox 462 2973 580 3040; x_wconf 84' lang='lat' dir='ltr'><strong>animae</strong></span> <span class='ocrx_word' id='word_1_123' title='bbox 598 2996 739 3058; x_wconf 85' lang='lat' dir='ltr'><strong>vacuus,</strong></span> <span class='ocrx_word' id='word_1_124' title='bbox 757 2970 833 3040; x_wconf 84' lang='lat' dir='ltr'><strong>libri</strong></span> <span class='ocrx_word' id='word_1_125' title='bbox 855 2970 998 3061; x_wconf 88' lang='lat' dir='ltr'><strong>oblitus,</strong></span> <span class='ocrx_word' id='word_1_126' title='bbox 1021 2987 1054 3040; x_wconf 92' lang='lat' dir='ltr'><strong>et</strong></span> <span class='ocrx_word' id='word_1_127' title='bbox 1076 2971 1232 3044; x_wconf 86' lang='lat' dir='ltr'><strong>auditorii</strong></span> <span class='ocrx_word' id='word_1_128' title='bbox 1256 3001 1310 3044; x_wconf 87' lang='lat' dir='ltr'><strong>se·</strong></span> 
     </span>
     <span class='ocr_line' id='line_1_18' title="bbox 270 3115 1309 3212; baseline 0.003 -26"><span class='ocrx_word' id='word_1_129' title='bbox 270 3141 383 3189; x_wconf 88' lang='lat' dir='ltr'><strong>eurus.</strong></span> <span class='ocrx_word' id='word_1_130' title='bbox 403 3119 531 3186; x_wconf 79' lang='lat' dir='ltr'><strong>Stetere</strong></span> <span class='ocrx_word' id='word_1_131' title='bbox 549 3115 737 3212; x_wconf 84' lang='lat' dir='ltr'><strong>paulisper,</strong></span> <span class='ocrx_word' id='word_1_132' title='bbox 758 3117 817 3211; x_wconf 92' lang='lat' dir='ltr'><strong>qui</strong></span> <span class='ocrx_word' id='word_1_133' title='bbox 838 3117 1052 3203; x_wconf 83' lang='lat' dir='ltr'><strong>introierant,</strong></span> <span class='ocrx_word' id='word_1_134' title='bbox 1075 3115 1217 3210; x_wconf 89' lang='lat' dir='ltr'><strong>perculsi</strong></span> <span class='ocrx_word' id='word_1_135' title='bbox 1242 3134 1309 3189; x_wconf 85' lang='lat' dir='ltr'><strong>tarn</strong></span> 
     </span>
     <span class='ocr_line' id='line_1_19' title="bbox 271 3259 1311 3354; baseline 0.005 -27"><span class='ocrx_word' id='word_1_136' title='bbox 271 3260 449 3354; x_wconf 79' lang='lat' dir='ltr'><strong>inopinate</strong></span> <span class='ocrx_word' id='word_1_137' title='bbox 475 3261 542 3347; x_wconf 92' lang='lat' dir='ltr'><strong>rei,</strong></span> <span class='ocrx_word' id='word_1_138' title='bbox 570 3275 636 3330; x_wconf 83' lang='lat' dir='ltr'><strong>tant</strong></span> <span class='ocrx_word' id='word_1_139' title='bbox 660 3260 812 3330; x_wconf 87' lang='lat' dir='ltr'><strong>formosae</strong></span> <span class='ocrx_word' id='word_1_140' title='bbox 837 3261 953 3329; x_wconf 90' lang='lat' dir='ltr'><strong>mortis</strong></span> <span class='ocrx_word' id='word_1_141' title='bbox 978 3259 1149 3330; x_wconf 87' lang='lat' dir='ltr'><strong>miraculo.</strong></span> <span class='ocrx_word' id='word_1_142' title='bbox 1176 3263 1311 3332; x_wconf 90' lang='lat' dir='ltr'><strong>Deinde</strong></span> 
     </span>
     <span class='ocr_line' id='line_1_20' title="bbox 271 3403 1311 3501; baseline 0.007 -28"><span class='ocrx_word' id='word_1_143' title='bbox 271 3406 409 3500; x_wconf 82' lang='lat' dir='ltr'><strong>regressi</strong></span> <span class='ocrx_word' id='word_1_144' title='bbox 439 3404 481 3475; x_wconf 91' lang='lat' dir='ltr'><strong>ad</strong></span> <span class='ocrx_word' id='word_1_145' title='bbox 506 3405 670 3501; x_wconf 89' lang='lat' dir='ltr'><strong>populum</strong></span> <span class='ocrx_word' id='word_1_146' title='bbox 697 3405 951 3494; x_wconf 83' lang='lat' dir='ltr'><strong>renuntiarere,</strong></span> <span class='ocrx_word' id='word_1_147' title='bbox 977 3403 1204 3478; x_wconf 87' lang='lat' dir='ltr'><strong>Philemonem</strong></span> <span class='ocrx_word' id='word_1_148' title='bbox 1230 3433 1311 3501; x_wconf 86' lang='lat' dir='ltr'><strong>poe·</strong></span> 
     </span>
     <span class='ocr_line' id='line_1_21' title="bbox 272 3548 1311 3646; baseline 0.004 -28"><span class='ocrx_word' id='word_1_149' title='bbox 272 3565 357 3638; x_wconf 86' lang='lat' dir='ltr'><strong>tam,</strong></span> <span class='ocrx_word' id='word_1_150' title='bbox 373 3551 432 3644; x_wconf 92' lang='lat' dir='ltr'><strong>qui</strong></span> <span class='ocrx_word' id='word_1_151' title='bbox 450 3564 711 3643; x_wconf 83' lang='lat' dir='ltr'><strong>exspectaretur,</strong></span> <span class='ocrx_word' id='word_1_152' title='bbox 727 3551 785 3644; x_wconf 93' lang='lat' dir='ltr'><strong>qui</strong></span> <span class='ocrx_word' id='word_1_153' title='bbox 803 3550 837 3620; x_wconf 92' lang='lat' dir='ltr'><strong>in</strong></span> <span class='ocrx_word' id='word_1_154' title='bbox 857 3549 986 3618; x_wconf 89' lang='lat' dir='ltr'><strong>theatro</strong></span> <span class='ocrx_word' id='word_1_155' title='bbox 1000 3548 1114 3619; x_wconf 88' lang='lat' dir='ltr'><strong>fiotum</strong></span> <span class='ocrx_word' id='word_1_156' title='bbox 1130 3575 1311 3646; x_wconf 79' lang='lat' dir='ltr'><strong>argumen-</strong></span> 
     </span>
     <span class='ocr_line' id='line_1_22' title="bbox 272 3691 1309 3787; baseline 0.006 -28"><span class='ocrx_word' id='word_1_157' title='bbox 272 3706 344 3760; x_wconf 90' lang='lat' dir='ltr'><strong>tum</strong></span> <span class='ocrx_word' id='word_1_158' title='bbox 369 3691 505 3781; x_wconf 88' lang='lat' dir='ltr'><strong>finiret,</strong></span> <span class='ocrx_word' id='word_1_159' title='bbox 528 3694 597 3787; x_wconf 86' lang='lat' dir='ltr'><strong>jam</strong></span> <span class='ocrx_word' id='word_1_160' title='bbox 623 3693 715 3763; x_wconf 90' lang='lat' dir='ltr'><strong>domi</strong></span> <span class='ocrx_word' id='word_1_161' title='bbox 743 3717 855 3762; x_wconf 85' lang='lat' dir='ltr'><strong>verant</strong></span> <span class='ocrx_word' id='word_1_162' title='bbox 881 3691 1024 3762; x_wconf 85' lang='lat' dir='ltr'><strong>fabulam</strong></span> <span class='ocrx_word' id='word_1_163' title='bbox 1052 3717 1309 3764; x_wconf 88' lang='lat' dir='ltr'><strong>consummasse.</strong></span> 
     </span>
     <span class='ocr_line' id='line_1_23' title="bbox 273 3835 1310 3931; baseline 0.009 -28"><span class='ocrx_word' id='word_1_164' title='bbox 273 3836 450 3905; x_wconf 83' lang='lat' dir='ltr'><strong>Enimvero</strong></span> <span class='ocrx_word' id='word_1_165' title='bbox 465 3837 534 3931; x_wconf 86' lang='lat' dir='ltr'><strong>jam</strong></span> <span class='ocrx_word' id='word_1_166' title='bbox 556 3835 677 3905; x_wconf 82' lang='lat' dir='ltr'><strong>dixisse</strong></span> <span class='ocrx_word' id='word_1_167' title='bbox 697 3836 795 3905; x_wconf 92' lang='lat' dir='ltr'><strong>rebus</strong></span> <span class='ocrx_word' id='word_1_168' title='bbox 815 3837 968 3907; x_wconf 88' lang='lat' dir='ltr'><strong>humanis</strong></span> <span class='ocrx_word' id='word_1_169' title='bbox 987 3861 1121 3907; x_wconf 67' lang='lat' dir='ltr'><strong>vinens</strong></span> <span class='ocrx_word' id='word_1_170' title='bbox 1140 3863 1182 3908; x_wconf 81' lang='lat' dir='ltr'><strong>er</strong></span> <span class='ocrx_word' id='word_1_171' title='bbox 1201 3865 1310 3912; x_wconf 74' lang='lat' dir='ltr'><strong>ranu-</strong></span> 
     </span>
    </p>
   </div>
   <div class='ocr_carea' id='block_1_7' title="bbox 158 3979 1309 4076">
    <p class='ocr_par' dir='ltr' id='par_1_8' title="bbox 158 3979 1309 4076">
     <span class='ocr_line' id='line_1_24' title="bbox 158 3979 1309 4076; baseline 0.006 -28"><span class='ocrx_word' id='word_1_172' title='bbox 158 4047 163 4058; x_wconf 86' lang='grc'>,</span> <span class='ocrx_word' id='word_1_173' title='bbox 273 4003 363 4049; x_wconf 76' lang='lat' dir='ltr'><strong>uene</strong></span> <span class='ocrx_word' id='word_1_174' title='bbox 379 4005 386 4047; x_wconf 92' lang='lat'><strong>:</strong></span> <span class='ocrx_word' id='word_1_175' title='bbox 401 3982 468 4049; x_wconf 90' lang='lat' dir='ltr'><strong>suis</strong></span> <span class='ocrx_word' id='word_1_176' title='bbox 483 4006 563 4050; x_wconf 90' lang='lat' dir='ltr'><strong>vero</strong></span> <span class='ocrx_word' id='word_1_177' title='bbox 576 3980 807 4070; x_wconf 78' lang='lat' dir='ltr'><strong>familiaribus,</strong></span> <span class='ocrx_word' id='word_1_178' title='bbox 823 3979 933 4050; x_wconf 90' lang='lat' dir='ltr'><strong>dolere</strong></span> <span class='ocrx_word' id='word_1_179' title='bbox 948 3997 981 4050; x_wconf 89' lang='lat' dir='ltr'><strong>et</strong></span> <span class='ocrx_word' id='word_1_180' title='bbox 996 3980 1169 4076; x_wconf 77' lang='lat' dir='ltr'><strong>plangere3</strong></span> <span class='ocrx_word' id='word_1_181' title='bbox 1182 3983 1309 4054; x_wconf 89' lang='lat' dir='ltr'><strong>hester·</strong></span> 
     </span>
    </p>
   </div>
   <div class='ocr_carea' id='block_1_8' title="bbox 0 0 1421 4740">
    <p class='ocr_par' dir='ltr' id='par_1_9' title="bbox 0 0 1421 4740">
     <span class='ocr_line' id='line_1_25' title="bbox 0 0 1421 4740; baseline 0 0"><span class='ocrx_word' id='word_1_182' title='bbox 0 0 1421 4740; x_wconf 95' lang='lat' dir='ltr'><strong> </strong></span> 
     </span>
    </p>
   </div>
  </div>
 </body>
</html>
