2764 4740
287 445 343 484 102
541 497 556 510 ·
573 429 830 486 montuosum
849 419 963 486 um
982 430 1031 484 lv.

283 553 465 647 cyreueioe
481 568 579 622 secte
593 567 761 647 repertor,
776 553 936 646 quodque
948 551 1095 622 malebat
1108 555 1196 648 ipse,
1211 559 1324 625 Socra·

284 699 327 765 tis
346 695 539 792 discipulus
557 700 645 767 Eum
663 697 800 792 quidam
818 715 982 793 munus
998 700 1149 794 rogarit,
1168 700 1265 790 Quid
1284 700 1324 770 illi

283 833 505 932 philosophice
524 835 672 908 studium
694 851 763 908 tem
785 837 974 938 impensum
998 852 1135 931 tamque
1160 837 1323 908 diutinum

284 973 491 1068 profuisset?
516 976 707 1072 Aristippus
731 975 906 1072 respoudit
931 1001 941 1044 τ
968 979 1018 1050 Ut
1044 1001 1124 1047 cum
1149 978 1324 1066 omnibus,

283 1112 414 1206 inquit,
434 1113 629 1184 homiuibus
646 1137 762 1184 secure
778 1127 814 1182 et
829 1113 997 1208 intrepide
1014 1112 1194 1184 fabularer.
1214 1116 1324 1184 Verbo

284 1249 399 1319 subito
423 1264 533 1319 sumta
556 1264 608 1320 est
631 1250 816 1338 sententia,
835 1251 915 1344 quia
939 1249 983 1318 de
1006 1251 1185 1344 repentino
1211 1251 1324 1320 oborta

284 1401 355 1475 est3
383 1388 479 1481 quasi
506 1385 600 1458 velut
628 1389 664 1458 iu
694 1389 837 1458 maceria
864 1387 991 1482 lapides
1018 1391 1199 1458 temerario
1226 1389 1326 1458 inter·

281 1528 375 1624 jectu
400 1531 481 1624 poni
507 1553 642 1600 necesse
669 1544 721 1597 est
751 1555 760 1596 :
790 1552 901 1622 neque
925 1528 1103 1622 interjecto
1129 1528 1325 1598 intrinsecus

284 1664 454 1760 pondere,
473 1691 580 1761 neque
601 1665 779 1738 collineato
799 1691 862 1760 pro
883 1665 995 1736 fronte
1015 1665 1101 1753 situ,
1122 1689 1231 1758 neque
1253 1689 1326 1735 cou-

285 1802 479 1872 niventibus
499 1803 542 1872 ad
562 1801 711 1897 regulam
730 1801 836 1871 lineis.
858 1801 996 1894 Quippe
1012 1802 1071 1894 qui
1091 1814 1242 1870 structor
1260 1825 1328 1871 ora·

284 1937 387 2012 tionis
409 1939 510 2033 hujus
532 1954 687 2034 egomet,
709 1965 776 2008 nou
798 1964 818 2008 o
838 1963 916 2006 meo
936 1951 1051 2007 moute
1071 1909 1220 2032 lapidem
1246 1938 1326 2006 dire·

283 2078 365 2145 ctim
385 2101 507 2147 wsum
526 2077 684 2166 alferam,
704 2079 810 2175 probe
827 2071 1040 2146 omnifariam
1058 2075 1326 2170 complanatum,

283 2211 414 2287 leviter
438 2239 480 2288 ex
505 2216 642 2312 optimis
670 2218 737 2288 oris
767 2215 810 2287 ad
837 2240 983 2310 unguem
1013 2230 1247 2310 coaequatum3
1276 2214 1326 2286 sed

282 2319 406 2446 cuique
430 2352 526 2448 operi
555 2353 827 2442 accommodem,
853 2350 907 2421 rel
936 2350 1162 2447 inaequalitate
1189 2377 1326 2448 aspera,

281 2485 334 2558 vel
361 2485 507 2560 levitate
532 2486 683 2578 lubrica,
706 2485 760 2560 rel
784 2485 918 2582 augulis
939 2487 1109 2577 eminula,
1131 2487 1183 2558 rel
1210 2504 1327 2562 rotun·

283 2623 389 2696 ditate
407 2625 588 2714 volubilia,
609 2629 682 2697 sine
706 2626 830 2722 regulae
857 2627 1087 2716 correctione,
1108 2643 1328 2700 etmeusurae

282 2762 467 2858 parilitate,
488 2779 522 2832 et
541 2762 772 2861 perpendiculi
792 2760 936 2833 solertia.
957 2762 1060 2836 Nulla
1079 2765 1169 2836 euim
1191 2785 1248 2834 res
1261 2786 1327 2860 ‘po-

281 2915 347 2969 test
364 2925 436 2970 esse
456 2900 572 2974 eadem
593 2902 747 2974 festinata
764 2900 862 2980 simul
883 2917 917 2970 et
938 2904 1124 2971 examinata
1146 2927 1154 2970 :
1176 2928 1239 2972 nec
1260 2927 1329 2972 esse

281 3037 465 3134 quidquam
486 3043 659 3129 omnium,
681 3041 773 3134 quod
791 3039 912 3134 habeat
930 3054 964 3110 et
990 3038 1122 3112 laudern
1149 3039 1328 3135 diligentie

282 3175 380 3246 simul
408 3193 443 3247 et
469 3181 610 3274 gratiam
626 3177 829 3250 celeritatis.
857 3179 990 3248 Praebui
1023 3203 1077 3246 me
1103 3179 1326 3272 quorumdam

280 3311 463 3402 voluntati,
474 3315 532 3407 qui
546 3314 671 3409 oppido
681 3313 881 3400 voluerunt,
899 3335 972 3407 quae
987 3339 1006 3382 a
1023 3339 1077 3382 me
1093 3312 1327 3385 desideraban-

279 3467 355 3541 tur,
376 3468 413 3522 ut
433 3452 578 3523 dicerem
600 3479 640 3524 ex
658 3468 818 3547 tempore.
831 3455 874 3521 Et
892 3465 962 3540 est,
985 3419 1143 3540 hercule,
1163 3451 1326 3539 formido,

278 3613 321 3660 ne
341 3588 375 3660 id
395 3589 478 3668 mihi
498 3592 665 3679 evenerit,
686 3590 778 3684 quod
799 3613 900 3657 corvo
927 3613 988 3658 suo
1014 3591 1163 3698 evenisse
1185 3593 1326 3685 AEsopus

142 3750 153 3770 ‘
278 3726 458 3799 fabulatur.
476 3726 516 3804 Id
532 3729 616 3815 erit,
633 3752 697 3816 ue,
715 3726 796 3796 dum
817 3725 949 3798 laudem
967 3725 1054 3798 hauc
1070 3751 1193 3796 novam
1210 3742 1326 3823 capto,

278 3889 414 3960 parvam
440 3863 547 3951 illam,
566 3889 667 3959 quam
693 3879 769 3934 ante
796 3865 931 3959 peperi,
957 3888 1058 3958 cogar
1078 3865 1240 3936 amittere.
1259 3865 1326 3935 Sed

277 4001 318 4071 de
340 4002 481 4097 apologo
500 4004 668 4098 quaeritis,
688 4027 757 4074 nou
778 4001 908 4102 pigebit
923 4001 1049 4095 aliquid
1068 4000 1221 4074 fabulari.
