2764 4740
167 443 174 456 ⁸
262 399 302 457 9²
569 383 823 440 montuosum
840 383 952 440 LIBER
973 383 1020 438 IV.

264 526 356 598 tum,
376 505 464 580 velut
480 507 523 578 ab
540 509 673 595 inferis,
693 485 897 602 postliminio
914 510 1049 579 domum
1069 509 1205 596 retulit,
1224 535 1306 580 cou-

262 652 436 744 festimque
454 652 605 744 spiritum
627 652 814 718 recreavit:
838 651 1078 744 confestimque
1100 655 1245 720 animam
1271 640 1304 720 iu

261 800 412 894 corporis
431 759 836 866 latibulis‘detitescentem
858 797 1057 891 quibusdam
1079 797 1304 904 medicamen·

263 946 309 1013 tis
330 942 529 1038 provocavit.

313 1093 387 1159 XX.
414 1090 576 1183 Sapientis
593 1090 653 1158 viri
671 1112 771 1182 super
786 1113 932 1158 mensam
948 1087 1078 1158 celebre
1095 1087 1220 1158 dictum
1237 1103 1302 1158 est.

261 1239 392 1323 Prima,
417 1237 542 1330 iuquit,
567 1252 694 1305 cratera
719 1236 761 1305 ad
787 1239 875 1306 sitim
903 1238 1066 1332 pertinet,
1093 1215 1237 1306 secunda
1262 1235 1304 1304 ad

266 1382 485 1469 hilaritatem,
506 1384 603 1452 tertia
623 1385 665 1452 ad
685 1382 910 1478 voluptatem,
931 1399 1049 1478 quarta
1068 1383 1110 1452 ad
1129 1383 1302 1450 insaniam.

265 1535 391 1602 Verum
410 1533 579 1600 enimvero
598 1534 768 1600 Musarum
789 1546 935 1619 cratera,
957 1557 1050 1602 versa
1068 1533 1155 1614 vice,
1175 1547 1304 1624 quanto

263 1678 414 1746 crebrior
435 1696 625 1771 quantoque
648 1680 837 1764 meracior,
851 1693 944 1747 tanto
970 1681 1106 1774 propior
1131 1679 1173 1746 ad
1198 1681 1301 1746 animi

267 1822 447 1896 sanitatem.
480 1830 590 1897 Prima
622 1844 749 1930 cratera
780 1829 990 1912 litteratoris,
1023 1789 1203 1898 ruditatem
1232 1830 1303 1897 cxi·

266 1980 327 2044 mit
342 2004 363 2044 ·:
393 1961 536 2059 secunda
566 1979 793 2071 grammatici,
821 1979 970 2078 doctripa
1001 1981 1135 2048 instruit
1166 2005 1173 2044 ε
1206 1979 1301 2044 tertia

265 2126 423 2212 rhetoris,
442 2126 630 2220 eloquentia
652 2144 769 2197 armat.
789 2132 958 2197 Hactenus
978 2155 997 2198 a
1019 2128 1184 2223 plerisque
1203 2143 1302 2221 pota·

264 2291 329 2344 tur.
351 2277 421 2370 Ego
440 2293 473 2346 et
493 2275 573 2346 alias
596 2293 739 2347 crateras
762 2281 900 2348 Athenis
924 2280 992 2347 hibi
1018 2305 1025 2346 :
1052 2279 1186 2372 poeticae
1209 2301 1301 2346 com·

228 2524 229 2536 ἵ
263 2425 417 2512 mixtam,
444 2427 652 2520 geometricae
677 2425 867 2522 limpidam,
893 2425 1201 2510 musicae·.duleem‚
1230 2426 1302 2496 dia-

262 2570 385 2640 lecticae
416 2571 635 2659 austerulam,
667 2543 835 2642 enim-vero
868 2574 1028 2642 universae
1059 2573 1303 2667 philosophie,

264 2715 494 2808 inexplebilem
515 2712 656 2799 scilicet,
678 2733 874 2788 nectaream.
899 2719 999 2787 Canit
1021 2718 1110 2785 enim
1133 2695 1303 2812 Empedo-

263 2859 328 2930 cles
354 2864 521 2946 carmina,
546 2863 641 2930 Plato
667 2862 836 2957 dialogos,
859 2867 1011 2934 Socrates
1034 2863 1194 2956 hymnos,
1219 2865 1304 2956 Epi·

262 3007 416 3074 charmus
435 3006 571 3090 modos,
592 3007 781 3100 Xenophon
799 3008 973 3094 historias,
994 3010 1196 3076 Xenocrates
1213 3023 1302 3100 saty-

262 3175 314 3218 ras
345 3177 352 3216 :
384 3151 541 3245 Apuleius
570 3168 677 3220 vester
709 3154 776 3220 haec
806 3152 937 3238 omnia;
969 3177 1154 3244 novemque
1184 3155 1301 3224 Musas

262 3296 334 3400 pari
352 3295 460 3363 studio
478 3294 574 3381 colit,
594 3299 716 3389 majore
732 3296 856 3366 scilicet
872 3298 1059 3380 voluntate,
1077 3323 1175 3390 quum
1195 3296 1301 3366 facul-

263 3457 351 3526 tate3
378 3465 484 3532 eoque
510 3444 707 3534 propensius
729 3442 877 3510 fortassis
904 3440 1089 3511 laudandus
1114 3455 1182 3525 est,
1207 3441 1298 3533 quod

261 3579 415 3652 omnihus
438 3585 532 3652 bonis
557 3585 588 3650 in
613 3584 711 3652 rebus
737 3599 876 3653 conatus
900 3586 932 3650 in
960 3583 1079 3668 lande,
1100 3582 1237 3650 effectus
1265 3585 1299 3648 iu

252 3743 337 3798 'casu
356 3746 426 3816 est,
448 3731 491 3797 ita
512 3745 546 3797 ut
568 3745 684 3797 contra
703 3732 735 3796 iu
758 3728 925 3798 maleficiis
943 3731 1041 3796 etiam
1065 3729 1210 3822 cogitata
1231 3753 1298 3795 sce·

260 3873 349 3958 lera,
367 3899 438 3967 non¹
451 3873 594 3966 perfecta
613 3873 741 3958 adhuc,
762 3873 991 3960 vindicantur,
1011 3887 1147 3941 cruenta
1170 3886 1299 3954 merite,

259 4043 343 4112 pura
366 4045 475 4086 suarm.
498 4023 584 4114 Ergo
601 4021 686 4089 sicut
705 4020 745 4087 ud
763 4045 894 4113 postiam
915 4018 1036 4088 sufficit
1054 4017 1211 4114 ,meditari
1235 4041 1297 4111 pu·
1371 4045 1372 4060 ¹
