2764 4740
260 370 299 446 9⁸
367 343 370 350 '
557 371 819 444 enonroonuu
832 373 944 430 nune
965 375 1014 430 ιν.

262 498 422 583 vestitus,
451 495 537 564 bene
565 495 754 590 praediatus.
785 500 866 566 Post
894 497 952 566 ubi
982 497 1145 568 intellexit
1173 497 1329 592 nullum*

262 641 325 711 sibi
345 644 380 710 i'rt
399 665 434 710 re
451 639 605 710 familiari
625 637 814 734 praesidium
832 640 999 737 legatum,
1018 669 1086 738 quo
1104 645 1210 716 fretus
1229 661 1307 714 aeta·

238 799 330 852 ·tem
352 800 450 880 agat,
470 785 582 853 omnia
605 784 694 854 fluxa
716 783 914 879 infirmaque
934 811 1004 856 esse
1027 814 1036 856 ε
1058 787 1223 882 quidquid
1240 793 1307 858 sub

261 928 345 1000 coelo
362 909 553 1026 divitiarum
572 947 641 1017 est,
661 955 716 999 eas
736 931 864 1000 omneis
882 931 925 1000 ad
944 931 1029 1002 bene
1047 931 1229 1016 vivendum
1246 960 1307 1003 ne·

260 1073 445 1167 quidquam
462 1099 532 1144 esse
546 1099 555 1163 ;

310 1271 417 1338 Sicuti
443 1296 562 1340 navem
585 1272 728 1356 bonam,
753 1271 846 1340 fabre
869 1267 1012 1358 'factem‚
1040 1272 1125 1340 boue
1149 1273 1309 1344 intrinse-

260 1441 320 1486 cus
333 1433 562 1518 compactam,
578 1418 784 1516 extrinsecus
801 1416 968 1513 eleganter
985 1417 1172 1512 depictam,
1191 1421 1309 1489 mobili

260 1563 377 1652 clavo,
401 1563 506 1632 firmis
534 1563 752 1650 rudentibus,
775 1587 917 1658 procero
945 1562 1055 1650 malo,
1084 1565 1205 1660 insigni
1233 1592 1311 1634 car·

259 1707 391 1793 choslo,
417 1705 667 1801 splendentibus
693 1705 796 1788 velis,
820 1719 991 1801 postremo
1018 1709 1174 1777 omnihus
1200 1735 1311 1778 arma·

259 1852 533 1936 meotisidoneis
557 1853 601 1922 ad
623 1879 740 1944 usum,
764 1868 798 1922 et
818 1853 965 1922 honestis
987 1855 1031 1924 ad
1053 1855 1309 1950 contemplatio·

259 2020 357 2087 nem3
377 2023 449 2066 eam
469 2023 585 2068 navem
603 1999 629 2067 si
647 2013 705 2067 aut
723 1993 930 2093 gubernator
947 2022 1015 2068 non
1033 2016 1130 2094 agat,
1148 1990 1206 2096 aut
1225 2017 1311 2070 tem·

259 2157 476 2236 pestasagat‚
497 2157 535 2211 ut
555 2140 651 2212 facile
668 2167 743 2211 cum
762 2140 828 2210 illis
846 2143 986 2237 egregiis
998 2140 1230 2213 instrumentis
1251 2161 1312 2216 aut

257 2289 425 2385 profunda
445 2292 635 2377 hauserint,
659 2307 718 2360 aut
737 2289 865 2384 scopuli
887 2291 1162 2362 comminuerint!
1186 2297 1258 2365 Sed
1278 2313 1312 2367 et

260 2436 380 2504 medici
402 2460 506 2529 quum
528 2437 725 2505 intraverint
746 2433 789 2504 ad
813 2459 960 2530 aegrum,
982 2439 1031 2506 uti
1054 2438 1182 2523 visent,
1208 2465 1312 2510 nemo

260 2565 393 2669 eorum,
410 2580 501 2676 quod
519 2580 666 2650 tabulina
682 2578 884 2676 perpulchra
901 2581 935 2648 iu
954 2580 1079 2651 aedibus
1097 2601 1258 2672 cernant,
1279 2599 1313 2656 et

260 2724 431 2796 lacunaria
440 2751 523 2796 auro
539 2725 660 2814 oblita,
671 2741 704 2796 ct
721 2726 883 2820 gregatim
900 2749 1022 2820 pueros
1037 2752 1076 2796 ac
1088 2729 1232 2821 juvenes
1242 2734 1313 2800 exi·

243 2873 324 2958 ¹mie
354 2871 460 2941 forma
487 2873 521 2940 in
552 2869 705 2971 cubiculo
733 2870 823 2940 circa
851 2869 974 2940 lectum
1004 2885 1150 2955 stantes,
1178 2899 1315 2970 aegrum

254 3015 353 3110 jubet
381 2993 431 3084 uti
458 3017 502 3084 sit
528 3018 640 3086 auimo
667 3017 794 3084 bono:
824 3013 881 3084 sed
906 3013 964 3084 uhi
988 3015 1109 3108 juxtim
1131 3019 1314 3105 consedit,
1352 2981 1356 2989 Ι

258 3187 395 3232 manum
421 3165 565 3234 hominis
590 3160 787 3260 prehendit,
810 3187 883 3232 cam
911 3176 1115 3255 pertractat,
1134 3171 1313 3268 'venarum

198 3297 201 3302 ⁵
258 3307 393 3404 pulsum
406 3325 439 3378 ct
449 3325 620 3378 momenta
636 3324 747 3403 captat
762 3335 770 3376 :
787 3309 814 3377 si
831 3306 909 3402 quid
929 3305 997 3376 illic
1014 3283 1185 3377 turbatum
1204 3326 1314 3407 atque

257 3455 466 3526 inconditum
484 3455 643 3544 offendit,
662 3453 711 3525 illi
725 3455 918 3542 renuntiat,
935 3452 1022 3522 male
1039 3456 1157 3524 morbo
1174 3457 1312 3529 haberi.

256 3601 360 3671 Dives
380 3599 436 3670 ille
456 3601 533 3670 cibo
553 3599 783 3684 interdicitur,
807 3625 845 3668 ea
868 3599 922 3667 dic
944 3601 978 3666 in
1000 3621 1061 3668 sua
1082 3600 1143 3667 sibi
1158 3606 1314 3696 ,copiosa

258 3709 358 3815 domo
371 3771 488 3840 panem
503 3772 571 3817 non
585 3749 704 3841 accipit
718 3773 725 3816 ε
740 3771 843 3840 quum
858 3747 983 3814 interea
996 3759 1104 3814 totum
1118 3745 1190 3838 ejus
1204 3753 1314 3818 servi-

212 3989 216 3994 ·
257 3891 341 3958 tium
361 3889 483 3960 hilares
505 3908 583 3961 sunt
605 3908 704 3984 atque
726 3888 915 3984 epulantur.
940 3892 1009 3960 Nec
1030 3890 1065 3957 iu
1088 3913 1126 3958 ea
1150 3915 1185 3959 re
1207 3895 1317 3986 quid·

254 4061 355 4133 quam
374 4037 474 4108 efficit
494 4038 695 4108 conditione.
