2764 4740
264 419 301 471 aa
343 491 346 496 Ι
567 413 821 472 rnomoonun
842 413 952 468 suen
975 413 1021 466 ιν.

263 565 421 623 uensem;
448 542 505 633 qui
534 565 619 608 nova
647 555 677 606 et
710 536 1100 630 inopinata-cognitione
1130 532 1302 625 impendio

265 685 460 769 delectatus,
479 700 593 778 optare
608 685 722 774 jussit,
743 696 902 774 quantam
921 677 1016 752 vellet
1036 677 1220 747 mercedem
1239 681 1303 746 sibi

264 857 326 924 pro
346 846 438 899 tanto
458 829 659 928 documento
677 827 823 920 rependi.
841 827 940 910 Satis,
960 825 1085 918 inquit,
1103 823 1183 890 milri
1203 823 1303 892 fuerit

264 974 441 1061 mercedis,
460 970 580 1042 Thales
606 974 756 1065 sapiens,
781 973 808 1038 si
834 972 885 1057 id,
904 972 994 1063 quod
1019 996 1037 1038 a
1063 994 1114 1036 me
1137 968 1303 1055 didicisti,
1373 1051 1374 1064 ,

265 1141 369 1213 quum
387 1119 533 1212 proferre
550 1116 591 1185 ad
609 1118 780 1210 quospiam
801 1117 954 1208 coeperis,
974 1109 1032 1183 ubi
1058 1140 1124 1182 non
1152 1113 1302 1183 adscive-

265 1263 329 1343 ris,
355 1258 409 1328 setl
435 1260 507 1351 ejus
534 1260 658 1326 inventi
683 1284 735 1326 me
762 1257 890 1352 potius,
918 1282 1018 1349 quam
1045 1255 1167 1342 alium,
1190 1281 1304 1350 reper-

268 1420 375 1472 torem
400 1403 639 1496 praedicaveris.
661 1401 804 1471 Pulchra
831 1425 954 1468 merces
979 1425 1154 1494 prorsum,
1181 1425 1219 1468 ac
1244 1401 1305 1469 tali

264 1548 338 1614 viro
363 1544 482 1638 digna,
508 1561 540 1613 et
568 1560 737 1638 perpetua.
769 1546 853 1615 Nam
884 1559 917 1613 et
949 1544 982 1611 in
1012 1543 1234 1628 hodiernum,
1266 1569 1305 1612 ac

266 1689 386 1757 debinc
399 1711 544 1781 semper,
561 1687 656 1755 Thali
672 1713 710 1756 ea
727 1713 850 1756 merces
865 1686 1072 1782 persolvetur
1087 1689 1128 1754 ab
1147 1688 1306 1754 omnibus

266 1834 379 1918 nobis,
396 1835 455 1930 qui
469 1835 540 1924 ejus
558 1831 701 1900 coelestia
716 1833 824 1901 studia
840 1859 915 1901 vere
931 1834 1156 1928 cognovimus.

288 2073 290 2078 .
313 2015 408 2079 Hanc
426 2035 487 2105 ego
507 2013 599 2079 vobis
620 2013 826 2093 mercedem,
848 2015 1157 2106 Carthaginienses,
1177 2016 1307 2108 ubique

266 2157 413 2247 gentium
432 2152 602 2248 dependo,
621 2181 683 2250 pro
700 2155 899 2250 disciplinis,
918 2184 998 2251 quas
1017 2161 1050 2224 in
1068 2158 1212 2253 pueritia
1230 2185 1307 2230 sum
1376 2231 1377 2248 ,

265 2301 354 2396 apud
368 2325 426 2369 vos
439 2301 587 2393 adeptus.
602 2303 733 2393 Ubique
745 2304 832 2370 enim
846 2327 899 2374 me
912 2317 1026 2372 vestrae
1038 2306 1181 2375 civitatis
1195 2305 1309 2376 alum·
1376 2331 1377 2342 ¹

266 2472 346 2516 num
357 2445 574 2538 fer0,ubique
584 2470 640 2513 vos
651 2444 850 2514 omnimodis
861 2441 1309 2531 laudibuscelebro3vestras

265 2589 456 2684 disciplinas
484 2588 663 2656 studiosius
689 2587 844 2681 percolo,
872 2604 995 2658 vestras
1022 2615 1101 2684 opes
1127 2591 1310 2686 gloriosius
1377 2645 1378 2678 ,

266 2733 429 2826 praedico,
454 2747 578 2799 vestros
597 2733 696 2800 etiam
718 2733 795 2800 deos
813 2731 996 2826 religiosius
1016 2759 1163 2803 veneror.

315 3020 414 3087 Nunc
444 3044 576 3112 quoque
605 3022 706 3114 igitur
731 3022 930 3114 principium
960 3020 1041 3088 mibi
1064 3022 1153 3114 apud
1178 3039 1312 3096 vestras

265 3187 363 3230 aures
392 3163 687 3254 auspicatissimum
718 3163 760 3230 ab'
783 3162 971 3255 AEsculapio
995 3163 1056 3232 deo
1077 3167 1223 3257 capiam,
1248 3173 1311 3260 qui

265 3332 375 3377 arcem
394 3321 509 3374 vestrae
528 3305 737 3401 Carthaginis
757 3305 968 3374 indubitabili
986 3311 1121 3377 numine
1137 3313 1310 3404 propitius

264 3453 410 3546 respicit.
425 3454 505 3545 Ejus
517 3452 568 3519 dei
586 3452 747 3543 hymnum
764 3475 868 3544 graeco
884 3465 917 3518 et
933 3448 1037 3522 latino
1053 3456 1199 3523 carmine
1210 3458 1311 3526 vobis

265 3600 338 3666 heic
363 3585 507 3675 canam,
517 3597 585 3696 jam
612 3595 659 3663 illi
682 3621 699 3664 n
724 3619 776 3664 me
798 3594 996 3665 dedicatum.
1022 3599 1103 3666 Sum
1125 3600 1213 3666 enim
1235 3627 1310 3670 non

265 3741 401 3854 ignotus
426 3740 472 3807 illi
498 3738 675 3822 sacricola,
699 3765 759 3807 nec
781 3765 892 3807 recens
916 3739 1044 3822 cultor,
1070 3766 1128 3811 nec
1154 3747 1312 3840 ingratus

267 3885 403 3952 antistes
423 3913 430 3951 :
450 3910 488 3952 ac
510 3887 578 3977 jam
600 3900 632 3952 et
657 3909 754 3976 prosa
775 3901 806 3951 et
828 3908 925 3956 versa
948 3885 1103 3954 facundia
1127 3909 1312 3964 veneratus

254 4053 360 4114 .sum;
383 4030 427 4098 ita
452 4030 609 4108 lutetiam
631 4053 720 4098 nune
744 4028 906 4122 hymnum
929 4030 1000 4122 ejus
1023 4047 1164 4129 utraque
1188 4034 1311 4132 lingua
