2790 4740
257 405 295 464 ll
553 401 808 460 nwntuonunt
828 397 940 454 LIBER
963 395 999 454 ll.

257 521 398 617 Bathylli
425 537 532 593 statua
558 549 576 593 a
601 524 772 620 Polycrate
794 538 937 619 tyranno
960 521 1086 608 dicata,
1112 545 1178 616 qua
1208 522 1289 592 nihil

260 665 374 736 videor
403 665 552 737 effectius
581 669 796 765 cognovisse;
827 665 962 761 quidam
992 665 1187 761 Pythagorae
1218 689 1289 736 eam
1359 697 1362 703 ·

256 807 338 880 falso
358 811 555 882 existimant.

306 1121 506 1220 Adolescens
525 1136 572 1190 est
585 1121 720 1191 visenda
731 1120 997 1216 pulchritudine,
1016 1121 1164 1191 crinibus
1183 1119 1291 1191 fronte

258 1266 354 1362 parili
373 1281 524 1362 separatu
544 1291 602 1360 per
620 1264 721 1336 malas
744 1263 922 1335 remulsis:
944 1289 1032 1362 pone
1059 1280 1170 1336 autem
1198 1291 1291 1338 coma

258 1408 417 1504 prolixior
451 1409 701 1480 interlucentem
736 1413 896 1480 cervicem
927 1408 1135 1504 scapularum
1172 1409 1293 1480 bulbus

172 1597 175 1616 2
258 1554 446 1623 obumbrat.
477 1552 597 1624 Cervix
630 1556 699 1623 suci
737 1552 859 1648 plena,
895 1553 989 1624 malae
1021 1555 1165 1640 uberes,
1204 1579 1294 1650 gecae

258 1713 396 1783 teretes,
432 1723 471 1768 ac
507 1698 616 1768 medio
646 1713 759 1768 mento
788 1698 925 1786 lacuna,
955 1699 1051 1794 eique
1080 1723 1216 1791 prorsus
1250 1701 1296 1768 ci·

258 1842 458 1912 tharoedicus
482 1857 603 1931 stutus;
631 1842 724 1912 deam
747 1844 972 1938 conspiciens,
1000 1843 1132 1918 canenti
1158 1841 1294 1932 similis,

259 1987 405 2056 tunicam
430 1987 568 2080 picturis
592 1988 791 2082 variegatam
825 1985 962 2056 deorsus
998 1985 1039 2057 ad
1071 1985 1171 2080 pedes
1204 1985 1295 2082 deje-

259 2143 331 2198 ctus
362 2130 466 2223 ipsos,
492 2132 672 2225 graecanico
691 2130 841 2225 cingul03
861 2128 1032 2225 chlamyde
1053 2127 1137 2199 velat
1168 2145 1297 2199 utrum-

259 2297 325 2366 que
343 2273 519 2342 brachium
538 2274 686 2369 adusque
703 2271 861 2344 articulos
881 2273 1089 2370 palmarum,
1110 2287 1219 2342 cetera
1238 2271 1296 2370 de-

258 2417 345 2486 coris
363 2417 397 2484 in
417 2418 505 2486 striis
524 2416 723 2512 dependent.
744 2417 881 2488 Cithara
901 2417 1037 2488 baltheo
1058 2415 1174 2486 oaelato
1195 2385 1296 2511 apta,

259 2563 399 2632 strictim
420 2562 633 2648 'sustinetur3
662 2585 781 2631 manus
808 2562 878 2655 ejus
910 2575 1053 2650 tenerae,
1086 2560 1299 2655 procerulae3

261 2707 340 2775 laeva
362 2706 559 2777 distantibus
581 2705 693 2800 digitis
716 2731 837 2775 nervos
859 2703 996 2776 molitur
1018 2732 1026 2774 ε
1050 2703 1183 2776 dextera
1206 2703 1298 2799 psal·

261 2847 357 2918 lentis
382 2865 475 2944 gestu
502 2847 713 2944 pulsabulum
736 2849 871 2918 citharae
896 2849 1067 2934 admovet,
1093 2873 1152 2917 ceu
1180 2865 1300 2944 parata

261 3006 451 3084 percutere,
470 3017 572 3084 quum
591 3017 652 3059 vox
670 2994 703 3059 in
722 2993 853 3060 cantico
869 2991 1107 3085 interquievit:
1131 2989 1224 3084 qxuod
1242 2992 1299 3058 in-

263 3134 358 3203 terim
379 3136 545 3203 canticum
563 3134 693 3203 videtur
709 3159 768 3203 ore
789 3136 886 3203 tereti
906 3134 1158 3203 semihiantibus
1179 3135 1214 3202 in
1236 3159 1300 3202 co-

261 3297 340 3350 natu
364 3279 491 3352 labellis
513 3279 666 3375 eliquare.
694 3286 818 3350 Verum
843 3282 911 3350 haec
933 3279 1067 3376 quidem
1092 3271 1205 3350 statua
1223 3295 1300 3350 esto

259 3431 442 3526 cujuspiam
470 3431 651 3523 puberum,
675 3431 753 3522 qui,
779 3427 944 3524 Polycrati
969 3444 1112 3524 tyranno
1135 3429 1303 3516 dilectus,

263 3584 527 3652 Anacreonteum
548 3581 700 3649 amicitiae
720 3581 825 3674 gratia
848 3578 1021 3668 cantillat3
1043 3581 1189 3650 ceterum
1210 3580 1305 3649 mul-

262 3744 332 3796 tum
364 3727 478 3814 abest,
504 3727 700 3822 Pythagorae
728 3722 919 3821 philosophi
947 3741 1090 3798 statuam
1119 3752 1210 3811 esse,
1238 3731 1305 3798 etsi

263 3886 341 3940 natu
372 3857 523 3954 Samius,
552 3887 585 3938 et
615 3869 864 3964 pulchritudine
893 3873 1044 3966 apprime
1071 3873 1233 3968 insignis,
1271 3890 1304 3941 et

261 4017 417 4116 psallendi
438 4022 632 4112 musicaeque
648 4020 756 4086 omnis
774 4017 879 4088 multo
894 4018 1122 4107 doctissimus,
1141 4045 1179 4089 ac
1196 4019 1308 4090 ferme
