2790 4740
265 388 319 446 -68
566 391 824 448 FLORIDORUM
845 391 959 446 LIBER
980 389 1032 444 111.

282 519 448 611 pretium,
468 517 604 586 artificis
623 516 872 586 ministerium?
889 542 963 611 quae
981 516 1062 584 mibi
1082 540 1123 584 ne
1142 516 1174 582 in
1194 513 1325 582 medio·

280 664 391 732 eribus
410 664 545 757 quidem
565 665 754 734 civitatibus
775 687 922 757 unquam
943 661 1098 746 defuere3
1119 685 1160 728 ue
1181 675 1219 728 ut
1242 663 1324 729 Car·

280 807 406 904 tbagini
425 809 551 896 desint,
570 810 625 879 ubi
643 807 929 902 splendidissimus
945 807 1029 876 ordo
1046 809 1145 876 etiam
1162 805 1205 874 de
1223 807 1324 875 rebus
1382 877 1383 882 γ

279 955 462 1047 majoribus
478 951 630 1046 judicare
650 956 761 1046 potius
782 952 886 1039 solet,
907 977 1006 1046 quam
1030 967 1236 1046 computare.
1261 952 1324 1020 Sed

278 1095 406 1169 deboc
428 1115 497 1168 tum
522 1124 585 1194 ego
609 1097 804 1193 perfectius,
828 1121 933 1191 quum
959 1123 1017 1166 vos
1040 1095 1201 1166 effectius.
1226 1097 1322 1184 Quin

278 1245 376 1312 etiam
402 1245 481 1329 tibi,
507 1241 662 1313 nobilitas
686 1259 899 1328 senatorum,
921 1239 1086 1311 claritudo
1109 1243 1255 1329 civium,
1277 1241 1325 1310 di·
1383 1267 1384 1280 ³

278 1391 385 1485 gnitas
409 1390 615 1474 amicorum,
636 1413 713 1458 mox
737 1387 779 1456 ad
803 1386 1046 1456 dedicationem
1073 1401 1192 1456 statuae
1218 1412 1324 1468 nicae,

278 1534 364 1602 libro
381 1536 480 1602 etiam
498 1497 707 1629 conscripto,
727 1533 858 1629 plenius
877 1535 999 1626 gratias
1016 1557 1154 1616 canam,
1175 1535 1325 1626 itemque

278 1678 363 1748 libro
383 1678 566 1764 mandabo,
589 1679 635 1748 uti
659 1703 719 1772 per
740 1702 856 1746 omnes
877 1679 1066 1772 provincias
1087 1693 1160 1762 eat,
1183 1692 1323 1771 totoque
1384 1713 1385 1780 3

277 1823 400 1891 abhinc
418 1825 512 1907 orbe,
533 1838 671 1916 totoque
687 1823 810 1891 abhinc
830 1839 998 1916 tempore,
1022 1822 1134 1892 iaudes
1155 1823 1322 1893 benefacti

275 1968 323 2035 tui
344 1967 467 2060 ubique
485 1967 635 2060 gentium
655 1991 788 2060 semper
804 1991 969 2036 annorum
986 1982 1209 2060 repraesentet.

324 2302 432 2374 xvlt.
459 2304 631 2391 Viderint,
649 2285 771 2398 quibus
787 2329 859 2372 mos
875 2319 925 2372 est
939 2328 1096 2400 oggerere
1116 2320 1220 2372 semet
1238 2307 1321 2376 otio-

275 2458 318 2525 sis
337 2453 550 2552 praesidibus‚
572 2469 607 2522 ut
626 2454 834 2546 impatientia
853 2450 974 2547 linguae
993 2452 1318 2522 commendationem
1386 2471 1387 2522 t

275 2601 397 2695 ingenii
415 2615 583 2693 quaerant,
600 2613 633 2666 et
650 2596 803 2667 affectata
821 2597 974 2666 amicitiae
989 2613 1105 2665 vestrae
1121 2597 1230 2690 specie
1249 2597 1318 2693 glo·

274 2747 413 2813 cientur.
439 2747 630 2838 Utrumque
656 2746 743 2812 enim
772 2768 790 2810 a
818 2767 890 2830 me,
920 2743 1032 2836 Scipio
1061 2740 1189 2828 Orfite,
1217 2741 1321 2838 ionge

274 2889 374 2958 abest.
395 2891 480 2958 Nam
500 2904 532 2957 et
551 2887 882 2982 quantulumcunque
906 2889 1076 2982 ingenium
1100 2915 1210 2958 meum
1227 2891 1320 2984 jam·

275 3031 401 3124 pridem
424 3056 487 3124 pro
508 3046 608 3126 captu
633 3055 694 3100 suo
717 3032 908 3100 bominibus
933 3034 1044 3102 notius
1064 3048 1133 3120 est,
1155 3057 1257 3126 quam
1283 3050 1321 3103 ut

275 3172 419 3266 indigeat
439 3198 533 3240 novae
550 3172 860 3242 commendationis.
883 3177 924 3242 Et
951 3174 1093 3266 gratiam
1119 3191 1209 3244 tuam
1238 3190 1319 3244 tuo·

273 3344 416 3414 rumque
442 3316 598 3388 simiiium
626 3318 736 3404 maio,
762 3345 861 3413 qnam
887 3321 977 3414 jacto
1005 3348 1014 3388 ε
1044 3322 1214 3416 magisque
1242 3347 1318 3391 sum

273 3480 370 3535 tnntae
390 3465 543 3534 auiicitiae
563 3466 715 3560 cupitor,
737 3489 835 3558 quant
862 3463 1023 3559 gloriator
1043 3491 1051 3533 :
1074 3465 1234 3558 quoniam
1257 3493 1321 3542 eu·

273 3634 480 3703 pererrem,
498 3611 561 3678 nisi
580 3634 658 3678 vere
675 3623 784 3702 putet,
802 3623 929 3703 potest3
947 3623 1056 3704 potest
1074 3625 1185 3680 autern
1204 3616 1319 3705 quivis

273 3745 355 3822 falso
373 3753 519 3849 gloriari.
541 3753 592 3822 Ad
612 3755 676 3822 hoc
696 3756 739 3822 ita
760 3779 889 3849 semper
908 3755 949 3823 ab
968 3758 1105 3825 ineunte
1122 3781 1192 3825 aevo
1210 3757 1318 3828 bonas

273 3913 359 3966 artes
385 3897 501 3968 sedulo
524 3897 631 3987 colui;
655 3923 794 3992 eamque
821 3899 1097 3968 existimationem
1123 3926 1257 3969 umrmn
1281 3929 1319 3971 ar.

273 4041 458 4118 studiorum
479 4069 583 4138 quum
603 4045 637 4112 in
658 4044 829 4137 provincia
849 4059 971 4132 vestra,
992 4059 1061 4112 tum
1082 4047 1180 4114 etiam
1199 4051 1317 4118 Rornae
