2790 4740
262 396 299 453 32
554 397 811 456 FLORIDORUM
832 398 945 455 LIBER
965 400 1005 454 11.

262 525 350 592 cium
382 549 389 591 :
422 523 592 618 magisque
618 521 744 616 judicio
774 525 967 617 impartire,
996 547 1097 617 quam
1125 523 1296 594 commodo

263 667 423 736 inservire
443 693 451 735 ε
471 682 504 736 et
524 666 615 760 quod
637 668 671 735 in
694 691 869 736 commune
890 667 1043 760 expediat
1063 645 1296 759 malle,quam

263 810 354 904 quod
374 811 465 879 mihi.
488 811 595 904 Igitur
618 810 776 879 bonitatis
800 827 865 880 tuae
889 810 1035 905 diligunt
1059 810 1206 906 plerique
1230 811 1296 881 fru-

264 969 372 1041 ctum,
394 979 456 1048 ego
474 954 631 1022 studium.
654 954 693 1022 Id
713 954 804 1048 quod
824 956 929 1024 facere
948 955 1087 1024 adorsus
1109 980 1200 1043 sum,
1219 955 1296 1024 dum

264 1097 365 1168 modo
383 1099 543 1166 rationem
562 1113 654 1166 tuam
671 1100 704 1167 in
723 1097 976 1193 provincialium
994 1100 1136 1192 negotiis
1152 1113 1297 1168 contem-

264 1226 354 1331 plor,
376 1262 444 1329 qua
465 1238 611 1320 efflictim
633 1263 743 1307 amare
762 1253 795 1307 tc
814 1237 975 1326 debeant,
995 1241 1142 1333 experti,
1163 1255 1298 1334 propter

263 1381 475 1466 beneficium
494 1396 659 1475 expertes,
676 1397 814 1477 propter
830 1381 1028 1476 exemplum.
1046 1385 1131 1454 Nam
1150 1399 1182 1451 et
1200 1383 1298 1452 bene·

264 1525 340 1594 ficio
357 1523 470 1628 multis
488 1524 722 1613 commodasti,
742 1541 776 1595 ct
791 1525 942 1630 eremplo
961 1526 1115 1596 omnibus
1131 1527 1297 1622 profuisti.

264 1669 349 1757 Quis
366 1671 455 1738 enim
473 1695 491 1738 a
509 1685 540 1738 te
558 1695 626 1738 non
642 1685 731 1739 amet
749 1670 893 1757 discere,
912 1697 1056 1767 quanam
1074 1671 1300 1742 moderatione

264 1816 408 1884 obtineri
428 1829 527 1909 queat
547 1831 604 1884 tua
624 1817 686 1905 ista
706 1818 851 1910 gravitas
868 1817 1033 1909 jucunda,
1053 1818 1141 1885 mitis
1162 1818 1300 1886 austeri·

265 1975 333 2050 tas,
351 1959 479 2054 placida
496 1963 698 2046 constantia,
715 1960 923 2055 blandusque
940 1964 1034 2056 vigor
1050 1935 1172 2029 animi?
1188 1964 1302 2033 Nemi-

253 2087 341 2170 nem
361 2099 615 2195 proconsulum,
636 2101 725 2194 quod
743 2102 859 2189 sciam,
879 2103 1050 2197 provincia
1068 2104 1179 2172 Africa
1196 2106 1302 2198 magis

264 2247 405 2340 reverita
431 2261 498 2332 est,
523 2249 633 2315 minus
659 2248 782 2331 verita;
810 2245 922 2331 nullo,
946 2249 1009 2316 nisi
1035 2263 1095 2316 tuo
1121 2251 1230 2332 an'no,
1259 2248 1302 2315 ad

264 2389 444 2461 coercenda
460 2405 595 2485 peccata
611 2390 686 2484 plus
704 2391 813 2484 pudor
829 2417 928 2485 quam
947 2395 1046 2461 timor
1063 2391 1177 2462 valuit.
1195 2395 1303 2463 Nemo

264 2552 297 2606 te
321 2533 405 2605 alius
429 2537 500 2631 pari
526 2549 687 2629 potestate
713 2532 830 2630 saepius
856 2535 1002 2628 profuit,
1027 2537 1134 2605 rarius
1160 2536 1304 2623 terruit;

264 2707 365 2752 nemo
391 2681 583 2751 similiorem
611 2683 733 2751 virtute
762 2681 868 2765 filium
895 2681 1041 2751 adduxit.
1069 2682 1178 2775 Igitur
1202 2707 1305 2751 nemo

264 2831 459 2924 Carthagini
490 2830 725 2924 proconsulum
755 2831 879 2899 diutius
909 2829 981 2898 fuit.
1015 2834 1100 2900 Nam
1131 2831 1231 2900 etiam
1264 2856 1306 2901 eo

265 2995 436 3074 tempore,
460 3006 528 3074 quo
551 2983 757 3076 provinciam
783 2983 1001 3070 circumibas‚
1026 2998 1180 3052 manente
1205 2985 1307 3052 nobis

264 3132 459 3215 Honorino,
478 3131 587 3198 minus
602 3133 762 3201 sensimus
777 3133 959 3200 absentiam
974 3146 1083 3221 tuam,
1099 3158 1309 3227 quamquam

264 3293 296 3346 te
315 3279 420 3372 magis
439 3278 711 3348 desideraremus.
732 3283 873 3349 Paterna
893 3283 927 3348 in
948 3256 1017 3350 lilio
1036 3283 1193 3376 aequitas,
1214 3286 1309 3352 seni·

262 3425 302 3495 lis
320 3428 353 3496 in
368 3426 490 3520 juvene
508 3429 703 3522 prudentia,
726 3428 908 3498 consularis
926 3431 960 3498 in
979 3428 1089 3525 legato
1110 3433 1309 3503 auctoritas.

263 3578 404 3644 Prorsus
422 3563 537 3644 omnes
554 3579 694 3646 virtutes
715 3593 786 3646 tuas
805 3580 851 3646 ita
868 3578 995 3672 effingit
1012 3604 1050 3648 ac
1068 3594 1313 3674 repraesentat,

265 3740 301 3792 ut
316 3713 555 3794 mediusfidius
569 3723 799 3794 admirabilior
811 3743 896 3795 esset
909 3729 941 3795 in
954 3728 1091 3821 juvene,
1105 3753 1205 3823 quam
1221 3730 1258 3797 in
1276 3744 1314 3798 te
1380 3725 1384 3731 ⁴

265 3889 360 3966 patre
382 3872 452 3942 laus
479 3899 487 3941 τ
513 3874 575 3942 nisi
600 3898 675 3942 eum
700 3890 735 3943 tu
761 3873 859 3943 talem
882 3875 1027 3945 dedisses
1052 3903 1059 3945 :
1085 3902 1152 3970 quo
1173 3879 1314 3946 utinam

266 4034 426 4120 perpetuo
440 4024 555 4095 liceret
570 4026 633 4095 srui
643 4016 758 4116 lQuid
775 4028 871 4095 nobis
886 4052 960 4096 cum
980 4029 1049 4097 istis
1065 4028 1315 4122 proconsulum
