2790 4740
261 357 300 414 80
499 446 501 455 Ι
550 360 810 416 FLORIDORUM
828 362 939 418 LIBER
962 361 1011 416 lv,

253 485 357 556 nimia
380 487 562 554 reverentia
584 486 684 554 vestrl
704 488 904 556 cunctatior.
926 490 967 556 Et
987 488 1044 580 qui
1067 511 1165 580 penes
1188 503 1300 558 extra·

253 627 320 697 rios
350 653 574 723 saepenumero
604 631 828 724 promtissime
856 630 1060 723 disceptari,
1091 629 1177 699 idem
1209 657 1300 701 nunc

252 799 352 868 penes
376 799 467 842 meos
489 774 604 844 haesito
625 802 633 842 :
654 800 714 863 ac,
739 777 861 845 mirum
888 775 1003 860 dictu,
1027 777 1107 869 ipsis
1135 773 1298 846 illecebris

252 917 443 1003 deterreor,
468 933 501 986 et
527 915 671 987 stimulis
699 919 869 1004 refrenor,
896 934 929 988 et
955 919 1178 988 incitamentis
1206 920 1298 989 cobi-

250 1061 342 1129 bcor.
369 1063 423 1130 Au
446 1085 512 1129 non
538 1058 642 1160 multa
665 1060 747 1128 mihi
770 1060 859 1156 apud
884 1085 942 1130 vos
964 1060 1197 1131 adhortamina
1220 1089 1298 1158 sup-

251 1220 388 1299 petunt,
412 1207 470 1299 qui
492 1231 565 1274 sum
587 1207 680 1275 vobis
704 1232 766 1276 nec
788 1209 874 1275 Lare
893 1203 1043 1293 alienus,
1068 1231 1128 1276 uec
1152 1208 1297 1300 pueritia

250 1350 458 1436 invisitatus,
482 1375 541 1419 nec
565 1352 733 1444 magistris
760 1348 979 1447 peregrinus,
1005 1375 1068 1420 nec
1093 1365 1181 1420 secta
1205 1352 1298 1420 iuco-

214 1554 218 1560 .
250 1495 380 1590 gnitus,
408 1519 467 1564 uec
491 1519 571 1564 voce
596 1495 785 1583 inauditus,
809 1519 870 1562 nec
896 1494 989 1564 libris
1015 1493 1145 1563 illectus
1171 1496 1296 1588 impro-

246 1639 407 1708 batusve?
421 1641 471 1708 lta
487 1640 569 1708 mihi
588 1655 621 1710 et
640 1641 748 1735 patria
765 1641 799 1708 in
818 1614 959 1710 concilio
975 1639 1108 1727 Africae,
1121 1641 1293 1709 enimvero

148 1773 150 1782 ’
248 1800 282 1854 et
304 1786 447 1882 pueritia
472 1785 561 1879 apud
585 1810 662 1873 vos,
688 1802 721 1855 et
745 1787 893 1881 magistri
918 1810 988 1854 vos.
1013 1788 1052 1854 Et
1080 1799 1190 1873 secta,
1217 1784 1294 1854 licet

250 1929 387 2000 Athenis
407 1931 525 2000 Atticis
545 1931 761 2013 confirmata,
782 1945 893 1998 taurea
911 1929 966 1998 hic
985 1929 1141 1998 inchoata
1159 1945 1207 1998 est
1229 1956 1237 1998 :
1260 1946 1293 1998 et

248 2097 312 2141 vor
329 2095 400 2140 mea
420 2087 560 2166 utraque
577 2071 691 2168 lingua
707 2073 776 2165 jam
796 2073 911 2139 vestris
930 2071 1067 2138 auribus
1087 2085 1164 2140 ante
1183 2073 1295 2165 proxi-

246 2245 337 2288 mum
362 2221 555 2288 sexennium
577 2219 682 2314 probe
702 2219 844 2314 cognita.
866 2218 959 2305 Quin
983 2233 1016 2286 et
1037 2215 1112 2285 libri
1135 2219 1199 2286 mei
1221 2243 1291 2287 non

246 2362 310 2432 alia
330 2365 454 2457 ubique
476 2363 574 2433 laude
596 2364 704 2433 carius
723 2377 917 2450 censentur,
937 2388 1035 2456 quam
1053 2361 1143 2458 quod
1161 2362 1290 2456 judicio
1382 2425 1383 2428 ,

246 2525 356 2580 vestro
372 2509 646 2604 comprobantur.
666 2513 743 2578 Haec
762 2521 854 2576 tanta
872 2533 911 2576 ac
927 2507 1056 2602 totjuga
1071 2509 1290 2578 invitamenta

245 2655 434 2724 communia
464 2667 531 2722 non
558 2654 669 2720 minus
696 2677 754 2720 vos
782 2651 824 2720 ad
852 2649 1055 2720 audiendum
1082 2650 1291 2744 prolectant,

246 2829 346 2898 quam
376 2830 429 2872 mc
455 2803 495 2872 ad
524 2801 702 2872 dicendum
727 2801 898 2872 retardant
924 2827 932 2868 ι
956 2799 1150 2894 faciliusque
1173 2801 1290 2871 laudes

204 3023 207 3032 ,
245 2968 370 3023 vestras
389 2952 467 3022 alibi
488 2955 655 3048 gentium,
675 2977 776 3046 quam
796 2951 885 3045 apud
907 2977 964 3020 vos
983 2950 1189 3045 praedicarim
1211 2979 1219 3021 :
1240 2956 1290 3024 ita

243 3101 333 3197 apud
351 3127 428 3172 suos
446 3102 566 3195 cuique
585 3101 745 3170 modestia
765 3101 908 3169 obnoxia
928 3115 996 3186 est3
1017 3099 1106 3193 apud
1124 3103 1288 3171 extrarios

242 3268 355 3323 autem
371 3254 491 3322 veritas
509 3209 622 3322 libera.
637 3255 773 3346 Semper
785 3251 869 3320 adeo
886 3265 919 3319 et
937 3251 1060 3344 ubique
1077 3276 1151 3340 vos,
1162 3255 1289 3348 quippe

241 3418 278 3474 ut
299 3418 453 3497 parentes
472 3427 511 3471 ac
533 3403 657 3496 primos
675 3403 848 3496 magistros
868 3425 975 3489 meos,
990 3400 1141 3490 celebro,
1159 3427 1288 3472 mercc-

242 3553 384 3649 demque
407 3553 501 3622 vobis
526 3552 672 3648 rependo
697 3579 705 3620 2
732 3577 799 3620 non
825 3549 935 3639 illam,
958 3575 1059 3645 quam
1084 3556 1288 3649 Protagoras

241 3705 387 3797 sophista
407 3704 549 3802 pepigit,
569 3728 629 3772 nec
648 3703 795 3797 accepit;
815 3700 871 3770 scd
892 3727 993 3796 quam
1011 3700 1132 3772 Thales
1153 3707 1288 3800 sapiens

240 3876 302 3922 nec
320 3854 466 3948 pepigit,
486 3869 518 3922 et
537 3853 672 3946 accepit.
692 3850 818 3938 Video,
838 3851 919 3945 quid
941 3851 1133 3946 postuletis;
1156 3871 1288 3924 utram-

241 4027 305 4095 que
322 4003 476 4072 narrabo.
