2790 4740
257 405 294 465 rt
351 374 357 385 “
541 399 799 456 rnomnonuu
821 399 934 456 mann
955 399 1008 455 111.

260 521 444 588 necessario
470 521 513 589 ad
541 521 681 592 salutem
711 525 914 593 nitebantur.
942 527 1008 592 Eos
1034 547 1096 616 ego
1122 523 1309 616 impensius

260 663 461 752 admirarer,
484 668 511 734 si
532 666 724 738 hominibus
745 671 877 763 potius,
898 694 999 763 quam
1023 669 1136 738 bestiis
1155 663 1326 762 placuis-x

260 826 343 880 sent.
371 811 498 880 Avibus
521 813 593 880 haec
617 815 792 883 secretaria
817 815 933 908 utique
959 815 1063 908 magis
1086 815 1309 908 congruerint

259 955 414 1044 merulis,
434 972 467 1026 et
489 955 658 1046 lusciniis,
679 974 711 1028 et
735 959 894 1031 oloribus.
919 963 962 1030 Et
984 957 1120 1028 merulas
1139 959 1175 1029 in
1195 983 1310 1028 remo·

261 1103 303 1170 tis
326 1103 454 1195 tesquis
478 1101 712 1196 fringultiunt3
734 1102 882 1173 lusciniae
905 1105 940 1172 in
959 1101 1138 1172 solitudine
1159 1103 1310 1200 africana

262 1248 430 1317 canticum
451 1247 682 1318 adolescentiae
702 1251 874 1346 garriunt3
895 1249 1002 1318 olores
1023 1248 1111 1344 apud
1131 1249 1225 1318 avios
1248 1251 1311 1354 liu-¹

262 1395 332 1462 vios
360 1419 492 1462 carmen
521 1409 663 1464 senecta
689 1395 903 1464 meditantur.
932 1395 1114 1467 Enimvero
1141 1395 1201 1488 qui
1226 1419 1312 1490 pue-

262 1540 326 1626 ris,
346 1537 627 1624 adolescentibus,
645 1555 679 1608 ct
701 1540 835 1609 senibus
851 1539 934 1608 utile
955 1563 1089 1610 carmen
1112 1554 1314 1633 promturus

263 1701 332 1771 est‘,
355 1689 382 1754 is
406 1689 439 1755 in
463 1688 580 1756 mediis
604 1687 751 1758 millibus
773 1691 948 1758 hominum
973 1702 1092 1775 canat3
1115 1687 1160 1755 ita
1185 1701 1225 1754 ut
1250 1687 1314 1756 hoc

262 1860 372 1904 meum
399 1834 439 1904 de
464 1836 643 1904 virtutibus
668 1835 770 1904 Orfiti
795 1861 929 1904 carmen
951 1850 1020 1922 est,
1042 1859 1150 1903 serum
1175 1834 1313 1926 quidem

263 1977 420 2062 sortasse,
446 1979 504 2049 sed
529 1980 671 2066 serium,
698 2005 760 2048 nec
787 1981 898 2050 minus
927 1995 1076 2075 gratum,
1100 2001 1202 2071 quam
1231 1977 1314 2048 utile

262 2123 589 2218 Carthaginiensium
616 2127 748 2218 pueris,
780 2125 958 2218 juvenibus
985 2140 1019 2199 et
1036 2124 1195 2206 senibus3
1227 2147 1312 2217 quos

264 2263 470 2361 indulgentia
497 2271 686 2363 praecipuus
712 2271 864 2339 omnium
895 2267 1075 2364 proconsul
1102 2265 1312 2353 sublevavit,

210 2500 212 2508 γ
242 2431 519 2512 ι[θηιρειέιῑοῳιο
535 2417 700 2494 desiderio
718 2433 752 2487 et
769 2418 941 2486 moderato
959 2416 1106 2487 remedio
1123 2415 1217 2495 dedit
1235 2441 1313 2510 pue·

265 2561 312 2628 ris
335 2562 562 2646 saturitatem,
585 2560 764 2654 juvenibus
788 2559 1012 2646 hilaritatem,
1033 2559 1166 2630 senibus
1189 2560 1313 2630 securi·

266 2717 379 2773 tatem.
465 2721 467 2730 ’

316 2918 434 2983 Metuo
455 2915 610 3008 quidem,
634 2916 769 3007 Scipio,
792 2917 951 3008 quoniam
973 2913 1087 2983 laudes
1105 2929 1180 2981 tuas
1197 2916 1315 3008 attigi,

268 3084 309 3127 ue
333 3083 385 3128 me
413 3061 701 3153 inpraesentiarum
727 3059 874 3128 refrenet
898 3057 947 3127 vel
975 3073 1034 3125 tua
1058 3081 1218 3152 generosa
1241 3083 1315 3126 mo-

268 3206 395 3302 destia,
417 3205 467 3274 vel
487 3232 559 3275 mea
579 3209 724 3302 ingenua
744 3204 954 3274 verecundia.
977 3205 1040 3273 Sed
1060 3228 1211 3297 nequeo,
1232 3206 1316 3296 quin
1377 3237 1378 3284 t

266 3377 306 3420 ex
327 3350 500 3446 plurimis,
523 3376 596 3444 quae
617 3353 652 3418 in
675 3365 707 3419 te
729 3351 940 3419 meritissimo
962 3347 1185 3433 admiramur,
1203 3373 1245 3416 cx
1263 3349 1318 3416 his

266 3496 419 3591 plurimis
438 3497 520 3588 quin
539 3495 590 3564 vel
613 3498 809 3589 paucissima
828 3497 1002 3588 attingam.
1023 3498 1092 3563 Vos
1108 3519 1147 3562 ea
1164 3517 1317 3578 mecum,
1377 3499 1378 3586 l

265 3647 353 3716 cives
371 3645 412 3714 ab
430 3669 471 3713 eo
490 3645 630 3730 servati,
651 3643 891 3736 recognoscite.
