2790 4740
93 1943 96 1954 q
241 1793 291 1924 Is
313 1851 453 1946 Hippias
479 1875 497 1918 e
523 1875 659 1921 numero
682 1851 903 1946 sophistarum
928 1866 996 1940 est,
1016 1852 1139 1924 artium
1163 1851 1277 1922 multi·

238 1996 354 2065 tudine
372 1997 464 2089 prior
484 1995 656 2082 omnibus,
676 1994 868 2089 eloquentia
890 1995 971 2066 nulli
991 1997 1174 2086 secundus3
1196 2011 1278 2067 aetas

242 2139 289 2208 itti
309 2165 385 2210 cum
406 2142 541 2209 Socrate
560 2166 568 2207 :
587 2143 694 2234 patria
714 2140 783 2210 Elis
803 2166 934 2235 :genus
955 2143 1147 2237 ignoratur3
1169 2138 1276 2236 gloria
1393 2167 1394 2186 ¹

242 2308 321 2354 vero
347 2308 486 2379 magna3
514 2283 647 2354 fortuna
674 2284 803 2354 modica
830 2311 838 2354 ε
866 2284 923 2354 sed
948 2285 1117 2380 ingenium
1143 2281 1276 2370 nobile,

242 2429 401 2500 memoria
427 2425 609 2517 excellens,
633 2429 742 2498 studia
766 2430 879 2517 varia,
903 2428 1013 2500 emuli
1039 2426 1147 2498 multi.
1173 2429 1276 2498 Venit

241 2575 380 2669 Hippias
405 2575 465 2644 iste
489 2574 657 2669 quondam
682 2577 860 2644 certamine
884 2572 1031 2670 olympio
1053 2575 1181 2660 Pisum,
1206 2549 1276 2641 non

241 2719 351 2787 miuus
371 2718 462 2787 cultu
481 2719 654 2806 visendus,
675 2745 775 2814 quam
795 2716 967 2790 elaboratu
987 2716 1168 2787 mirandus.
1191 2717 1277 2784 Om-

241 2861 315 2944 nia,
333 2886 444 2930 secum
462 2888 535 2956 quae
552 2863 713 2951 habebat,
733 2863 817 2932 nihil
834 2887 951 2932 eorum
969 2875 1110 2946 emerat,
1130 2860 1187 2928 sed
1206 2861 1279 2929 suis

240 3005 304 3074 sibi
327 3008 480 3078 manibus
503 3007 690 3078 confecerat
711 3034 719 3076 τ
744 3024 777 3078 et
797 3007 1012 3094 indumenta,
1031 3007 1151 3100 quibus
1174 3004 1275 3074 indu·

241 3163 315 3234 tus,
340 3164 373 3218 et
396 3148 638 3234 calceamenta,
663 3149 782 3243 quibus
807 3164 878 3219 erat
904 3149 1082 3234 inductus,
1107 3161 1140 3214 et
1166 3159 1277 3241 gesta·

241 3293 351 3381 mina,
368 3294 489 3387 quibus
506 3307 577 3362 erat
593 3295 803 3387 conspicuus.
822 3293 973 3362 Habebat
990 3290 1121 3360 indutui
1138 3289 1180 3359 ad
1199 3314 1276 3359 cor-

240 3463 302 3534 pus
320 3438 468 3507 tunicam
486 3437 663 3507 interulam
683 3439 877 3507 tenuissimo
896 3421 1011 3524 textu,
1031 3432 1155 3528 triplici
1174 3432 1277 3520 licie,

239 3605 387 3676 purpura
414 3580 560 3674 duplici3
587 3582 657 3673 ipse
686 3605 759 3649 eam
788 3580 851 3650 sibi
879 3577 968 3648 sulus
995 3578 1086 3646 domi
1113 3591 1276 3646 texuerat.

240 3727 392 3797 Habebat
414 3726 537 3796 cinctui
561 3723 709 3795 balteum
733 3753 741 3791 ε
766 3724 856 3818 quod
883 3748 986 3818 genus
1013 3723 1144 3817 pictura
1168 3720 1276 3815 baby-

240 3871 368 3958 lonica,
394 3871 486 3940 miris
513 3866 680 3938 coloribus
709 3868 934 3962 variegatum3
963 3891 1023 3935 nec
1049 3866 1083 3934 in
1109 3865 1172 3933 hae
1197 3889 1277 3934 eum

239 4039 337 4111 opera
368 4015 541 4107 quisquam
573 4011 755 4105 adjuverat.
789 4011 938 4078 Habebat
969 4010 1104 4078 amictui
1136 4007 1277 4103 pallium
