2790 4740
259 377 297 443 ot
548 377 803 436 rtouloottuu
825 379 939 434 mauu
959 381 1011 436 111.

264 505 299 572 in
323 504 416 572 curia
439 501 784 599 Carthaginiensium,
809 531 877 575 non
902 507 1012 575 minus
1035 505 1305 600 splendidissima

262 675 362 743 quam
387 649 644 744 benignissima,
666 651 718 717 vir
740 649 922 721 consularis
948 679 956 720 τ
980 656 1034 722 cui
1059 655 1156 721 etiarn
1183 668 1303 722 notum

260 818 331 863 esse
350 793 583 862 tautummodo
595 845 605 877 ,
619 818 769 863 summus
779 796 888 864 honor
906 812 975 884 est;
996 799 1023 866 is
1032 799 1130 866 etiarn
1145 795 1303 866 laudator

261 939 342 1008 mihi
360 938 451 1033 apud
471 938 639 1032 principes
657 937 777 1010 Ahicae
797 941 885 1010 viros
899 941 1144 1035 quodammodo
1154 940 1302 1010 adstitit„

311 1181 420 1264 Nam,
443 1194 480 1246 ut
497 1180 703 1272 comperior,
718 1179 958 1252 nudiustertius
977 1179 1092 1251 libello
1109 1182 1209 1250 misso
1223 1205 1305 1274 ‚per

263 1348 361 1418 quem
391 1322 581 1418 postulabat
598 1323 708 1394 locum
733 1323 896 1395 celebrem
921 1342 1039 1396 statuae
1058 1351 1153 1414 meae,
1177 1350 1305 1418 quum·

264 1469 380 1567 primis
397 1470 668 1538 commemoravit
685 1469 771 1538 inter
789 1495 848 1539 nos
863 1471 940 1566 jura
958 1471 1111 1538 amicitiae
1126 1495 1145 1538 a
1161 1453 1306 1538 commi·

264 1616 337 1688 titio
349 1615 536 1687 studiorum
549 1615 673 1685 eisdem
686 1617 854 1710 magistris
866 1618 1020 1686 inchoata
1034 1618 1174 1688 honeste
1190 1640 1198 1684 :
1212 1640 1308 1686 nuno

264 1777 376 1857 postea
394 1777 471 1833 vota
489 1763 601 1831 omnia
618 1786 690 1830 mea
707 1762 889 1832 seeundum
907 1761 1078 1858 dignitatis
1096 1785 1163 1830 suae
1180 1761 1307 1856 gr·adus

264 1907 467 2002 recognovit.
494 1909 567 1975 Jam
590 1904 674 1974 iilud
698 1907 842 2000 primurn
867 1905 1082 1994 heneficium,
1105 1906 1196 2000 quod
1220 1931 1307 1974 con·

264 2049 464 2145 discipulum
478 2075 512 2119 se
525 2051 687 2119 meminit.
702 2055 788 2121 Ecce
806 2067 839 2120 et
855 2052 920 2122 hoc
935 2050 1073 2148 alterum
1087 2050 1306 2136 beneficium,

263 2195 354 2290 quod
372 2211 484 2266 tantus
500 2193 592 2290 diligi
609 2221 644 2265 se
659 2221 699 2266 ex
715 2197 788 2290 pari
804 2195 970 2289 praedicat.
988 2197 1080 2284 Quin
1096 2197 1195 2266 etiam
1210 2219 1307 2264 oom-

264 2339 481 2429 memoravit‚
501 2354 534 2408 et
551 2339 630 2409 alibi
649 2341 798 2434 gentium
816 2352 849 2409 et
868 2340 1038 2409 civitatum
1058 2341 1202 2409 honores
1221 2341 1306 2408 mihi

263 2504 447 2558 statuarum
472 2502 505 2558 et
528 2485 610 2556 alios
635 2485 795 2555 decretos.
821 2485 913 2576 Quid
937 2477 1013 2555 addi
1038 2500 1148 2580 potest
1172 2484 1214 2555 ad
1243 2487 1308 2555 hoc

262 2632 467 2727 praeconium
491 2632 554 2699 viri
578 2629 787 2700 consularis?
809 2633 917 2699 Immo
941 2632 1042 2699 etiam
1068 2630 1182 2699 docuit
1205 2655 1308 2725 argu-

196 2811 206 2823 ·
263 2790 376 2846 mento
392 2778 535 2868 suscepti
553 2775 746 2863 sacerdotii,
764 2800 929 2845 summum
947 2777 1030 2844 mihi
1047 2778 1207 2844 honorem
1227 2781 1310 2847 Car-

265 2919 410 3013 thaginis
422 2917 543 2988 adesse.
559 2923 632 2989 Jam
643 2921 708 2988 hoe
721 2921 926 3015 praecipuum
940 2921 1140 2990 heneficium
1152 2945 1191 2988 ac
1205 2919 1309 3015 longe

264 3084 342 3138 ante
364 3083 491 3137 ceteros
515 3067 697 3156 excellens,
720 3070 810 3164 quod
834 3094 888 3138 me
912 3070 1005 3138 vobis
1026 3068 1309 3164 locupletissimus

264 3214 356 3300 testis
372 3238 432 3282 suo
450 3214 549 3282 etiam
567 3213 727 3307 suffragio
743 3213 965 3284 commendat.
984 3213 1038 3284 Ad
1055 3237 1217 3284 summam
1239 3214 1311 3308 poi-

265 3358 374 3428 h'oitus
394 3373 463 3445 est,
486 3383 520 3426 se
544 3357 629 3426 inihi
648 3343 843 3452 Carthagini
868 3358 910 3426 de
932 3383 995 3426 suo
1018 3374 1159 3428 statuam
1184 3362 1311 3454 positu·

200 3513 202 3519 ’
264 3529 339 3573 rum
361 3532 368 3573 :
393 3506 460 3588 vir,
481 3504 535 3572 cui
556 3526 669 3571 ornnes
691 3503 871 3595 provinciae
890 3503 1105 3600 quadrijuges
1126 3520 1159 3574 et
1179 3506 1310 3602 sejuges

267 3676 385 3720 currus
409 3650 534 3743 ubique
560 3649 707 3744 gentium
729 3671 853 3741 ponere
873 3647 1093 3743 gratulantur.

320 4026 412 4118 Quid
431 4051 512 4122 ergo
531 4039 680 4121 superest
699 4025 741 4093 ad
762 4025 898 4094 honoris
916 4026 979 4093 mei
998 4024 1146 4098 tribunal
1165 4041 1196 4094 et
1215 4024 1307 4094 eolu-
