2790 4740
269 391 308 448 66
559 393 816 456 FLORIDORUM
836 391 947 448 LIBER
968 392 1020 448 ΠΙ.

271 543 363 602 men,
383 516 425 589 ad
438 515 546 590 landis
560 533 640 588 meae
653 515 847 586 cumulum?
857 519 963 586 hamo
974 517 1145 584 enimvero
1158 515 1243 609 quid
1261 541 1317 584 su·

273 663 403 758 penest?
412 661 756 744 'AEmilianusStrabo,
769 664 818 730 vir
827 661 1026 748 consularis,
1037 661 1131 729 brevi
1145 661 1233 729 uotis
1243 686 1318 730 orn·

273 809 364 877 nium
375 808 508 878 futurus
520 806 711 901 proconsul,
723 805 924 876 sententiam
935 802 978 876 de
991 807 1176 876 bonoribus
1189 809 1272 876 meis
1283 810 1318 875 in

274 953 368 1022 curia
389 951 717 1044 Carthaginiensium
735 951 837 1036 dixit,
854 974 970 1021 omnes
988 952 1059 1043 ejus
1082 952 1321 1021 auctoritatem

275 1099 480 1166 secutisunt.
502 1098 623 1164 Nonne
635 1096 767 1165 videtur
786 1097 851 1164 hoc
872 1095 966 1164 vobis
988 1094 1320 1164 senatusconsultum

275 1243 367 1312 esse?
384 1242 497 1331 Quid?
517 1242 607 1335 quod
620 1257 652 1310 et
671 1243 960 1338 Carthaginienses
979 1267 1112 1324 omnes,
1132 1244 1189 1335 qui
1209 1245 1245 1310 in
1264 1241 1320 1309 illa

267 1378 479 1458 ¹sanctissima
497 1393 590 1458 curia
609 1387 764 1475 aderant,
782 1404 849 1457 tam
870 1387 1012 1458 libenter
1029 1389 1250 1457 decreverunt
1269 1387 1321 1457 lo·

276 1560 352 1616 eum
365 1533 544 1618 statuent
554 1534 628 1604 illos
647 1537 745 1605 scires
755 1534 879 1604 idcirco
894 1533 1030 1604 alteram
1040 1547 1183 1603 statuam
1195 1559 1322 1626 ,quan-

277 1695 347 1747 tum
373 1705 489 1774 spero,
514 1684 547 1748 in
574 1694 765 1774 sequentem
792 1683 917 1749 curiam
943 1679 1142 1774 protulisse,
1167 1695 1205 1746 ut
1231 1678 1324 1748 selva

277 1827 505 1910 veneratione,
525 1824 613 1894 salva
634 1825 817 1894 reverentia
834 1822 1020 1892 consularis
1038 1825 1108 1909 sui,
1129 1821 1324 1892 viderentur

278 1968 401 2038 sactum
417 1969 487 2062 ejus
505 1994 571 2036 non
589 1967 750 2056 aemulati,
770 1968 827 2036 sed
847 1969 949 2036 secuti
970 1994 977 2035 :
996 1967 1030 2035 id
1048 1985 1113 2050 cst,
1133 1983 1169 2036 ut
1189 1971 1323 2061 integro

278 2111 331 2181 die
346 2111 543 2182 beneficium
558 2113 599 2180 ad
615 2138 667 2182 me
681 2112 850 2206 pubiicum
868 2115 1065 2207 perveniret.
1081 2116 1241 2184 Ceterum
1258 2137 1324 2181 me-

278 2259 444 2325 minerant
468 2259 585 2350 optimi
611 2261 820 2351 magistratus
846 2273 878 2326 et
903 2258 1207 2328 benevolentissimi
1233 2263 1325 2354 prin-

275 2403 387 2495 cipes,
409 2403 602 2472 mandatum
622 2403 683 2470 sihi
704 2428 723 2469 a
744 2402 856 2488 vobis,
875 2403 966 2496 quod
986 2403 1153 2473 volebant.

327 2715 366 2783 ld
379 2741 441 2810 ego
455 2719 615 2785 nescirem
632 2742 670 2784 ac
687 2715 925 2811 praedicarem?
942 2719 1092 2811 ingratus
1103 2717 1326 2808 esscijuin

278 2861 377 2928 etiam
387 2863 543 2930 universo
559 2859 670 2929 ordini
682 2838 791 2931 vestro
809 2887 870 2956 pro
882 2861 1092 2956 amplissimis
1103 2888 1181 2958 erga
1192 2889 1246 2932 me
1256 2891 1326 2932 me-

279 3006 369 3090 ritis,
381 3021 522 3099 quantas
530 3009 689 3076 maximas
706 3028 854 3100 possum,
868 3010 992 3103 gratias
1008 3035 1071 3103 ago
1087 3024 1187 3102 atque
1202 3011 1325 3096 haheo,

278 3153 336 3244 qni
354 3175 407 3220 me
426 3154 460 3220 in
473 3151 528 3220 illa
549 3154 643 3222 curia
662 3155 903 3222 honestissimis
916 3153 1209 3224 acclamationibus
1221 3156 1324 3226 deco-

279 3319 406 3382 revere,
417 3299 451 3365 in
465 3321 531 3390 qua
551 3299 644 3366 curia
664 3297 715 3366 vel
736 3280 902 3366 nominari
918 3297 1151 3368 tantummodo
1172 3303 1324 3370 summus

278 3439 387 3508 honor
412 3454 469 3509 est.
496 3442 629 3535 Igitur,
654 3442 744 3536 quod
771 3419 905 3520 ditfiiite
932 3441 1021 3510 factu
1047 3459 1139 3527 erat,
1165 3444 1324 3538 quodque

279 3589 546 3662 reveraarduum
560 3592 657 3660 nobis
668 3592 936 3676 existimabatur,
951 3607 1083 3686 gratum
1095 3617 1166 3662 esse
1180 3595 1322 3688 populo,

277 3733 410 3827 placere
426 3735 553 3822 ordini,
571 3736 705 3830 probari
722 3737 970 3831 magistratibus
986 3753 1019 3806 et
1037 3737 1244 3833 principibus
1263 3767 1271 3808 ε
1290 3741 1323 3808 id

277 3877 485 3972 (praefiscine
512 3879 680 3974 dixerim)
704 3881 774 3972 jam
801 3879 1050 3973 quodammodo
1079 3884 1160 3951 mibi
1191 3863 1323 3978 obtigit.

278 4028 370 4116 Quid
388 4030 490 4124 igitur
510 4044 658 4124 superest
677 4029 718 4100 ad
737 4045 854 4100 statuae
872 4055 952 4100 meae
970 4031 1148 4118 honorem,
1169 4034 1231 4108 nisi
1251 4036 1321 4102 aeris
1385 4029 1386 4090 l
