2790 4740
260 411 278 464 8
566 406 823 464 FLORIDORUM
839 409 951 464 LIBER
973 409 996 462 1.

260 542 362 626 tuba,
391 559 580 633 personare.
609 536 738 604 Primus
766 536 914 628 Hyagnis
942 535 977 602 in
998 533 1156 603 canendo
1184 559 1306 604 manus

263 680 522 776 discapedinavit
542 705 550 746 ε
571 681 699 773 primus
720 678 802 747 duas
825 679 922 747 tibias
948 705 1016 748 uno
1037 679 1156 773 spiritu
1179 681 1309 746 anima·

263 829 313 894 rit
332 851 340 894 ε
358 827 486 920 primus
504 821 593 890 laevis
611 837 645 890 et
662 820 785 892 dextris
805 822 1042 907 foraminibus,
1061 838 1161 892 acuto
1180 811 1309 891 tinnitu¹

264 985 296 1038 et
315 970 409 1066 gravi
426 968 549 1037 bombo
567 981 766 1036 concentum
782 968 948 1035 musicum
966 969 1108 1035 miscuit.

310 1155 361 1222 Eo
375 1152 508 1246 genitus
522 1153 689 1246 Marsyas,
703 1176 808 1245 quum
821 1153 854 1219 in
870 1151 1009 1221 artificio
1023 1153 1218 1246 patrissaret
1232 1156 1308 1222 tibi·
1378 1203 1379 1206 ,

265 1297 358 1384 cinii,
372 1296 484 1390 Phryx
498 1311 607 1365 cetera
622 1310 655 1365 et
670 1297 849 1383 Barbarus,
864 1296 959 1366 vultu
976 1297 1084 1364 ferino
1097 1313 1191 1382 trux,
1205 1299 1311 1392 hispi-

268 1443 354 1528 dus,
375 1439 606 1530 illutibarbus,
628 1442 732 1535 spinis
753 1457 786 1510 et
799 1441 882 1535 ,pilis
904 1443 1050 1530 obsitus,
1072 1443 1178 1511 fertur
1197 1444 1310 1539 (proli

266 1582 396 1681 nelasl)
414 1609 490 1653 cum
507 1585 662 1680 Apolline
678 1590 866 1675 certavisse,
883 1588 1055 1657 Thersites
1073 1613 1150 1656 cum
1167 1586 1312 1673 decoro,

273 1732 412 1827 agrestis
435 1757 512 1801 curn
531 1731 682 1819 erudito,
705 1730 815 1801 bellua
834 1733 999 1802 eumden.
1022 1735 1127 1802 Musae
1146 1761 1223 1803 cum
1243 1739 1312 1803 Mi·

272 1903 376 1949 nerva
395 1877 670 1948 dissimulamenti
690 1879 797 1974 gratia
816 1877 944 1972 judices
966 1879 1141 1967 adstitere,
1161 1878 1203 1949 ad
1225 1881 1310 1951 deri·

269 2024 414 2094 dendam
430 2024 556 2095 seilicet
573 2026 712 2095 monstri
730 2023 818 2093 illius
834 2025 1043 2111 barbariem,
1062 2051 1123 2094 nec
1139 2028 1252 2094 minus
1269 2027 1313 2098 ad

269 2168 485 2242 stoliditatem
513 2170 726 2265 puniendam.
753 2169 819 2238 Sed
845 2171 1018 2264 Marsyas,
1045 2172 1138 2263 quod
1165 2169 1315 2242 stultitiae

268 2320 452 2387 maximum
483 2317 652 2411 specimen
673 2331 742 2400 est,
763 2342 831 2385 non
853 2315 1042 2410 intelligens
1070 2342 1105 2385 se
1126 2317 1315 2389 deridiculo

269 2462 406 2548 haberi,
427 2462 622 2555 priusquam
644 2461 741 2532 tibias
759 2462 925 2554 occiperet
944 2461 1078 2549 inllare,
1098 2462 1192 2555 prius
1214 2461 1257 2530 de
1278 2489 1317 2532 se

270 2625 303 2677 et
321 2606 476 2702 Apolline
493 2607 645 2701 quaedam
662 2606 878 2675 deliramenta
894 2604 1035 2674 barbare
1052 2606 1196 2674 ell'utivit
1215 2633 1223 2675 :
1245 2606 1318 2678 lau·

270 2752 352 2820 daus
371 2778 462 2839 sese,
481 2752 571 2845 quod
591 2769 662 2822 erat
680 2767 713 2822 et
732 2776 826 2820 conia
845 2749 1023 2839 relicinus,
1041 2766 1074 2820 et
1094 2753 1197 2820 barba
1218 2778 1320 2847 squa-

271 2894 379 2984 lidus,
400 2913 433 2964 et
457 2910 590 2990 pectore
611 2897 780 2977 hirsutus,
801 2912 835 2965 et
858 2911 929 2965 arte
952 2896 1096 2983 tibicen,
1120 2912 1154 2965 et
1176 2896 1320 2968 fortuna

271 3069 415 3138 egenus3
440 3059 556 3112 contra
582 3041 794 3136 Apollinem,
822 3042 999 3112 ridiculum
1026 3043 1140 3129 dictu,
1168 3043 1321 3116 adversis

273 3187 451 3257 virtutibus
471 3185 628 3281 culpabat
651 3213 659 3254 τ
683 3185 773 3280 quod
793 3185 914 3279 Apollo
933 3203 1018 3255 esset
1037 3202 1070 3255 et
1088 3213 1184 3256 coma
1206 3190 1322 3260 inton-

271 3361 347 3421 sus,
366 3350 399 3403 et
418 3335 512 3430 genis
530 3348 662 3428 gratus,
682 3349 715 3402 et
733 3358 874 3426 corpore
894 3330 1075 3426 glabellus,
1092 3349 1126 3402 et
1144 3350 1213 3403 arte
1230 3338 1321 3406 mul·

271 3483 408 3567 tiseiuS,
438 3495 471 3549 et
500 3479 635 3550 fortuna
666 3477 855 3572 opulentus.
885 3483 958 3547 Jam
987 3480 1155 3571 primum,
1184 3483 1322 3574 iuquit,

272 3629 379 3696 crines
398 3628 469 3720 ejus
491 3625 642 3694 remulsis
662 3628 781 3712 antiis,
801 3640 834 3693 et
854 3625 1030 3718 promulsis
1048 3627 1202 3718 capronis
1224 3643 1323 3695 aute·

272 3772 398 3841 ventuli
414 3789 445 3840 et
460 3771 660 3866 propenduli
676 3799 683 3841 :
698 3799 821 3866 corpus
837 3788 946 3841 toturn
962 3763 1201 3868 gratissimum,
1214 3797 1324 3841 mem-

271 3920 331 3987 bra
355 3919 479 4006 nitida;
503 3919 615 4012 lingua
638 3917 790 4006 fatidica,
809 3944 867 3988 seu
888 3934 959 3988 tute
979 3920 1147 4008 oratione,
1167 3943 1223 3987 seu
1244 3944 1324 3987 ver-

275 4068 364 4137 sibus
384 4068 500 4156 malis‚
522 4070 701 4162 utrobique
720 4067 875 4136 facundia
897 4069 1067 4163 aequipari.
1090 4065 1208 4156 Quid?
1226 4069 1323 4160 quod
