2764 4740
274 395 312 456 88
567 405 823 462 menouuu
842 405 955 461 utana
976 404 1026 459 IV.

274 549 414 611 canam3
448 530 503 596 cui
534 527 703 624 dialogum
738 527 888 598 similiter
923 551 1066 622 graecum
1099 537 1132 592 et
1165 521 1308 592 latinum

274 670 436 761 praetexui
452 695 461 737 ε
479 672 513 738 iu
533 695 600 764 quo
618 673 928 742 sermocinabuntur
945 667 1097 740 Sabidius
1116 669 1260 736 Severus
1278 679 1310 733 et

274 810 381 882 Julius
396 815 545 902 Persius,
562 817 625 883 viri
641 828 674 883 et
690 817 774 884 inter
791 840 826 884 se
842 828 976 901 mutuo,
994 827 1027 882 et
1044 813 1151 899 vobis,
1168 826 1202 878 et
1219 807 1309 878 utili·

275 953 397 1024 tatibus
415 954 554 1049 publicis
572 960 690 1028 merito
707 959 914 1040 amicissimi,
933 956 1083 1025 doctrina
1101 969 1134 1023 et
1150 952 1310 1045 eloquen-

276 1101 323 1168 tia
344 1113 378 1167 ct
399 1097 628 1170 benevolentia
651 1105 786 1198 paribus
809 1129 818 1170 ε
845 1106 1006 1171 incertum
1031 1098 1192 1168 modestia
1217 1099 1311 1190 quie-

277 1247 395 1333 tiores,
412 1271 455 1314 an
472 1246 633 1318 industria
650 1251 864 1343 promtiores,
882 1273 924 1316 an
944 1247 1126 1315 bonoribus
1139 1242 1308 1331 clariores.

275 1390 409 1480 Quibus
419 1417 522 1484 quum
533 1395 575 1462 sit
582 1418 710 1462 summa
718 1392 913 1477 concordia,
926 1407 1035 1460 tamen
1048 1391 1117 1458 baec
1126 1386 1196 1457 sola
1210 1412 1311 1456 aemu-

276 1531 378 1624 latio,
398 1551 432 1605 et
450 1537 483 1605 in
503 1536 565 1606 boc
585 1563 688 1607 unum
704 1553 870 1608 certamen
889 1553 958 1622 est,
979 1551 1054 1606 nter
1070 1557 1186 1603 eornm
1206 1533 1312 1628 magis

277 1681 515 1776 Carthaginem
537 1681 654 1777 diligat
671 1709 679 1750 τ
697 1697 796 1776 atquc
817 1683 953 1751 summis
975 1677 1164 1748 medullitus
1185 1677 1312 1746 viribus

152 1839 158 1858 ⁸
277 1823 485 1893 contendunt
502 1826 621 1912 ambo;
641 1827 785 1894 vincitur
807 1839 934 1893 neuter.
955 1825 1079 1892 Eorum
1100 1845 1162 1916 ego
1183 1844 1311 1889 sermo-

278 1994 354 2037 nem
378 1984 468 2038 ratus
491 1982 523 2037 et
545 1971 637 2038 vobis
658 1969 772 2038 auditu
795 1971 1038 2065 gratissimum,
1060 1966 1199 2064 etmihi
1222 1990 1311 2035 com·

279 2113 388 2206 positu
407 2128 664 2207 congruentem,
682 2129 715 2182 et
732 2113 884 2182 dedicatu
903 2111 1114 2205 religiosum
1133 2111 1166 2178 in
1187 2113 1314 2204 princi-

279 2257 335 2351 pio
353 2254 428 2325 libri
444 2255 528 2326 facio
545 2255 719 2350 quemdam
734 2283 774 2325 ex
791 2255 858 2344 his,
874 2259 931 2348 qui
948 2257 1027 2324 mibi
1041 2257 1180 2324 Athenis
1196 2255 1314 2325 condi·

279 2399 409 2482 dicere,
434 2400 620 2493 percontari
643 2424 661 2467 a
683 2400 794 2468 Persio
817 2423 939 2492 graece,
963 2393 1036 2490 quae
1061 2423 1123 2494 ego
1147 2396 1255 2492 pridie
1280 2400 1314 2466 iu

280 2542 404 2638 templo
422 2542 602 2637 AEsculapii
623 2542 859 2612 disseruerim:
881 2539 1106 2637 paulatimque
1127 2517 1191 2610 illis
1212 2545 1314 2611 Seve-

279 2712 354 2755 rum
373 2687 537 2782 adjnngo;
559 2687 613 2756 cui
634 2687 768 2756 interim
790 2711 934 2755 romanae
954 2685 1076 2780 lingum
1095 2701 1205 2782 partes
1225 2685 1315 2754 dedi.

281 2834 369 2900 Nam
389 2846 422 2899 et
440 2831 590 2913 Persius,
612 2831 762 2924 quamvis
781 2845 814 2898 et
834 2832 903 2924 ipse
926 2832 1053 2925 optime
1074 2829 1173 2899 latine
1191 2831 1317 2924 possit,

282 2986 392 3041 tamen
409 2971 508 3042 hodie
525 2973 620 3042 nobis
635 2998 674 3042 ac
692 2973 783 3042 vobis
799 2973 1012 3042 Atticissabit.

281 3587 284 3594 ’
330 3591 421 3658 XIX.
449 3585 663 3680 Asclepiades
685 3586 759 3673 ille,
782 3589 867 3657 inter
886 3589 1070 3683 praecipuos
1092 3585 1319 3672 medicorum,

282 3736 439 3801 sinuum
465 3734 700 3826 Hippocratem
727 3734 888 3826 excipias,
909 3734 1025 3802 ceteris
1050 3734 1223 3827 princeps,
1249 3733 1319 3826 pri·

284 3899 357 3942 mus
377 3876 476 3943 etiam
495 3875 574 3943 vino
593 3872 751 3968 opitulari
770 3877 866 3972 aegris
884 3877 1025 3968 reperit;
1045 3875 1102 3944 sed
1122 3875 1234 3944 dando
1255 3879 1320 3944 sci·

285 4015 362 4088 licet
387 4016 420 4084 in
447 4033 616 4113 tempore3
639 4019 733 4111 cujus
758 4021 804 4086 rei
831 4020 1095 4088 observationem
1122 4019 1225 4112 probe
1253 4019 1320 4088 cal·
