2790 4740
267 355 307 410 tio
554 355 808 413 FmttlnoRtht
829 357 942 414 mult
963 355 1014 412 111.

269 493 398 548 tantum
423 478 636 549 clauditatem
657 479 840 565 domuistis,
863 507 981 552 verum
1004 485 1104 552 etiam
1129 487 1312 579 pernicita-

266 640 333 694 tem
348 621 530 694 addidistis.

315 798 367 864 Au
390 817 459 862 non
482 792 730 888 properandum
754 793 835 862 mibi
859 809 950 876 erat,
972 810 1009 864 ut
1028 821 1092 888 pro
1113 819 1155 866 eo
1176 797 1310 868 bonore

267 937 361 1006 robis
388 933 510 1003 multas
535 936 658 1030 gratias
685 935 847 1023 dioerern,
872 961 934 1030 pro
961 961 1031 1031 quo
1058 936 1166 1007 nullas
1194 963 1310 1032 preces

266 1080 438 1150 dixeram?
465 1083 539 1150 Non
565 1082 646 1174 quin
675 1080 870 1177 magnitudo
896 1081 1109 1178 Carthaginis
1138 1102 1311 1156 mereatur

268 1228 367 1296 etiam
390 1251 522 1319 precem
542 1251 563 1296 a
585 1225 786 1322 philosopho
811 1253 874 1320 pro
897 1229 1048 1316 honore;
1071 1227 1128 1298 sed
1154 1245 1192 1298 ut
1218 1232 1309 1302 inte—

267 1397 365 1467 grum
382 1387 415 1441 et
430 1373 662 1442 intemeratum
680 1387 826 1442 vestrum
843 1389 928 1442 esset
943 1373 1160 1460 beneficium,
1177 1377 1206 1444 si
1223 1375 1309 1444 nihil

266 1543 307 1585 ex
324 1515 430 1610 gratia
447 1517 518 1609 ejus
535 1518 652 1610 petitio
671 1540 742 1585 mea
760 1515 971 1612 defiegisaet,
989 1517 1024 1585 id
1041 1533 1109 1602 est,
1127 1531 1165 1586 ut
1182 1541 1309 1612 usque·

268 1686 400 1756 quaque
422 1679 506 1733 esset
524 1665 718 1759 gratuitum.
742 1665 857 1756 Neque
880 1664 968 1732 enim
991 1678 1049 1732 aut
1070 1660 1134 1732 levi
1152 1665 1310 1734 mercede

267 1808 369 1895 emit,
394 1808 451 1902 qui
476 1777 652 1903 pieoatur;
677 1823 736 1877 aut
763 1833 880 1901 parum
909 1773 1222 1902 pretium'aoeipiu
1250 1812 1310 1902 qui

268 1970 408 2050 rogatur
431 1981 439 2021 ε
462 1953 545 2024 adeo
570 1968 608 2023 ut
630 1955 744 2040 omnia
767 1953 919 2022 utensilia
944 1977 1056 2022 emere
1080 1953 1183 2041 velis,
1204 1979 1309 2048 quam

269 2121 396 2192 rogare.
420 2097 459 2166 ld
481 2071 544 2192 ego
565 2099 711 2168 arbitror
732 2097 897 2193 praecipue
919 2099 954 2166 in
976 2099 1106 2168 honore
1128 2095 1311 2169 observan-

235 2311 239 2319 ,
269 2245 349 2313 dum
398 2269 498 2337 quem
519 2244 580 2344 qui
599 2239 761 2313 laboriose
779 2245 984 2332 exoraverit,
1005 2245 1068 2313 sibi
1087 2243 1184 2314 debet
1204 2271 1309 2316 unam

269 2393 430 2486 gratiam,
452 2391 542 2484 quod
564 2391 774 2485 impetrarit;
792 2392 849 2482 qui
872 2415 952 2460 vero
971 2392 1042 2460 sine
1063 2389 1217 2461 molestia
1236 2418 1309 2462 am·

269 2541 360 2608 bitus
377 2538 515 2633 adeptus
534 2553 604 2622 est,
623 2535 759 2631 duplam
778 2538 917 2631 gratiam
937 2536 1160 2631 prebentibus
1180 2536 1280 2607 debet
1303 2567 1310 2605 :

271 2699 303 2751 et
318 2681 408 2777 quod
426 2709 493 2752 non
509 2683 657 2778 petierit,
673 2681 814 2774 eoquod
829 2681 1001 2775 acoeperit.

321 3261 466 3357 Duplam
485 3289 564 3358 ergo
583 3265 723 3358 gratiam
746 3261 839 3332 vobis
858 3263 963 3331 debeo
985 3288 991 3328 :
1015 3265 1116 3330 immo
1136 3262 1310 3330 enimvero
1377 3249 1378 3322 ἶ

272 3409 505 3504 multijugam3
530 3433 629 3502 quam
663 3409 785 3501 ubique
816 3406 969 3501 equidem
998 3421 1031 3476 et
1060 3431 1191 3502 semper
1221 3431 1308 3502 prze-

272 3557 400 3626 dicabo.
428 3555 492 3626 Sed
519 3579 607 3624 nunc
634 3551 918 3649 inpresentiarum
946 3553 1032 3623 libro
1062 3557 1124 3623 isto
1150 3554 1310 3622 adhunc

272 3703 432 3772 honorem
462 3703 543 3770 mihi
572 3703 781 3794 conscripto,
810 3701 852 3767 ita
880 3714 916 3768 ut
940 3697 1048 3774 soleo.
1075 3698 1207 3793 publice
1235 3726 1310 3795 pro-
1377 3681 1378 3696 ἵ

273 3849 426 3917 testabor.
447 3851 545 3918 Certa
566 3862 615 3915 est
635 3849 722 3914 enim
743 3849 848 3934 ratio,
869 3871 934 3940 qua
955 3845 1070 3913 debeat
1091 3845 1308 3942 philosophus
1377 3877 1378 3882 ¹

273 3993 317 4060 ob
337 3991 500 4060 decretam
519 3992 579 4060 sibi
605 3987 736 4083 publice
755 4003 894 4058 statuam
920 3989 1041 4082 gratias
1064 4013 1220 4084 agere3a
1246 4013 1307 4082 qua
