2790 4740
625 618 971 795 neuneu

471 971 1129 1098 ruoerooeuu

705 1291 855 1358 LIBER
884 1291 910 1356 Ι.

280 1815 305 1882 Ι.
334 1759 414 1885 Ur
435 1811 536 1880 ferme
556 1807 717 1904 religiosis
736 1809 897 1878 viantium
916 1781 1017 1878 mbris
1035 1822 1108 1896 est,
1132 1833 1235 1902 quum
1260 1807 1320 1878 ali·

281 1954 344 2048 qui
359 1951 471 2038 lucus,
495 1965 554 2021 aut
570 1949 673 2042 aliqui
695 1948 787 2020 locus
808 1964 942 2018 sanctus
964 1951 1003 2038 in]
1021 1951 1075 2018 via
1097 1948 1229 2020 oblatus
1253 1965 1321 2037 est,

284 2097 410 2166 veniam
428 2092 612 2189 postulare,
629 2107 744 2162 votum
762 2091 945 2187 adponere,
961 2090 1130 2188 paulisper
1145 2091 1319 2163 adsidere:
1382 2073 1385 2216 l

1384 2217 1385 2266 l

282 2243 327 2308 ita
346 2238 443 2325 mibi,
462 2240 610 2333 ingresso
628 2237 869 2307 sanctissimam
886 2239 982 2306 istam
1001 2238 1185 2321 civitatem,
1203 2261 1321 2329 quam·
1384 2288 1385 2298 a

282 2409 382 2478 quam
412 2381 536 2477 oppido
564 2382 737 2471 festinem,
769 2381 935 2476 praefanda
965 2384 1081 2470 venia,
1109 2397 1142 2450 et
1170 2381 1323 2450 habenda

283 2530 406 2614 oratio,
424 2543 457 2597 et
476 2525 658 2596 inhibenda
676 2528 868 2622 properatio
884 2542 944 2596 est.
965 2529 1083 2621 Neque
1099 2528 1188 2596 enim
1202 2527 1325 2620 justius

283 2671 468 2768 religiosam
497 2697 626 2742 moram
655 2673 775 2740 viatori
804 2671 985 2766 objecerit,
1014 2686 1072 2740 aut
1100 2696 1158 2740 ara
1187 2671 1327 2740 floribus

284 2815 457 2902 redimita,
477 2830 533 2884 aut
554 2813 711 2910 spelunca
729 2815 903 2922 frondibus
922 2817 1133 2902 inumbrata,
1153 2831 1210 2885 aut
1229 2841 1328 2910 quer·

283 2987 342 3030 cus
363 2958 520 3030 cornibus
540 2975 696 3048 onerata,
716 2973 775 3029 aut
794 2959 888 3054 fagus
908 2958 1049 3055 pellibus
1070 2976 1253 3044 coronata,
1277 2961 1327 3031 vel

284 3109 384 3176 etiam
406 3103 579 3174 colliculus
600 3107 761 3199 sepimine
781 3120 1012 3188 consecratus,
1035 3105 1086 3174 vel
1108 3120 1247 3174 truncus
1268 3107 1330 3175 do·

285 3249 405 3319 lamine
430 3248 619 3344 effigiatus,
647 3246 698 3318 vel
724 3273 836 3343 cespes
861 3247 1019 3318 libamine
1045 3249 1247 3344 fumigatus‚
1277 3249 1329 3320 vel

285 3393 369 3488 lapis
391 3393 539 3486 unguine
559 3389 737 3460 delibutus.
763 3380 870 3460 Parva
892 3391 961 3459 haec
985 3392 1128 3488 quippe,
1154 3408 1188 3461 et
1211 3419 1330 3486 quam·

285 3561 385 3630 quam
405 3536 519 3629 paucis
541 3533 993 3627 percontantibusadorata,
1013 3521 1122 3604 tamen
1144 3537 1332 3632 ignoranti·

284 3680 346 3748 bus
367 3694 566 3750 transcursa.

336 3890 378 3955 11.
406 3893 450 3956 At
469 3888 670 3956 nonitidem
690 3888 797 3981 major
815 3912 907 3957 meus
926 3890 1100 3978 Socrates3
1122 3891 1202 3982 qui,
1224 3916 1332 3984 quum

287 4031 444 4101 denorum
479 4030 799 4124 adolescentemqet
835 4021 962 4101 diutule
1000 4039 1334 4130 {aestuem-'conspi-
