<?xml version="1.0" encoding="UTF-8"?>
<!DOCTYPE html PUBLIC "-//W3C//DTD XHTML 1.0 Transitional//EN"
    "http://www.w3.org/TR/xhtml1/DTD/xhtml1-transitional.dtd">
<html xmlns="http://www.w3.org/1999/xhtml" xml:lang="en" lang="en">
 <head>
  <title>
</title>
<meta http-equiv="Content-Type" content="text/html;charset=utf-8" />
  <meta name='ocr-system' content='tesseract 3.04.00' />
  <meta name='ocr-capabilities' content='ocr_page ocr_carea ocr_par ocr_line ocrx_word'/>
</head>
<body>
  <div class='ocr_page' id='page_1' title='image "apule01apulgoog_0040.png"; bbox 0 0 2790 4740; ppageno 0'>
   <div class='ocr_carea' id='block_1_1' title="bbox 254 347 979 448">
    <p class='ocr_par' dir='ltr' id='par_1_1' title="bbox 254 347 979 448">
     <span class='ocr_line' id='line_1_1' title="bbox 254 347 979 448; baseline 0.018 -13"><span class='ocrx_word' id='word_1_1' title='bbox 254 381 288 436; x_wconf 83' lang='lat'><strong>16</strong></span> <span class='ocrx_word' id='word_1_2' title='bbox 554 347 806 446; x_wconf 78' lang='lat' dir='ltr'><strong>nnonrnomni</strong></span> <span class='ocrx_word' id='word_1_3' title='bbox 827 391 937 448; x_wconf 80' lang='lat' dir='ltr'><strong>mam</strong></span> <span class='ocrx_word' id='word_1_4' title='bbox 957 395 979 448; x_wconf 90' lang='lat'><strong>1.</strong></span> 
     </span>
    </p>
   </div>
   <div class='ocr_carea' id='block_1_2' title="bbox 212 506 1347 1334">
    <p class='ocr_par' dir='ltr' id='par_1_2' title="bbox 212 506 1347 1334">
     <span class='ocr_line' id='line_1_2' title="bbox 212 506 1296 612; baseline 0.019 -41"><span class='ocrx_word' id='word_1_5' title='bbox 212 523 215 532; x_wconf 67' lang='lat'><strong>⁴</strong></span> <span class='ocrx_word' id='word_1_6' title='bbox 251 508 339 573; x_wconf 90' lang='lat' dir='ltr'><strong>inter</strong></span> <span class='ocrx_word' id='word_1_7' title='bbox 360 506 442 576; x_wconf 89' lang='lat' dir='ltr'><strong>duos</strong></span> <span class='ocrx_word' id='word_1_8' title='bbox 463 508 624 579; x_wconf 88' lang='lat' dir='ltr'><strong>arbitrum</strong></span> <span class='ocrx_word' id='word_1_9' title='bbox 644 510 824 612; x_wconf 82' lang='lat' dir='ltr'><strong>delectum,</strong></span> <span class='ocrx_word' id='word_1_10' title='bbox 846 513 960 584; x_wconf 84' lang='lat' dir='ltr'><strong>sanata</strong></span> <span class='ocrx_word' id='word_1_11' title='bbox 977 516 1158 605; x_wconf 83' lang='lat' dir='ltr'><strong>simultate,</strong></span> <span class='ocrx_word' id='word_1_12' title='bbox 1176 545 1296 591; x_wconf 88' lang='lat' dir='ltr'><strong>recou-</strong></span> 
     </span>
     <span class='ocr_line' id='line_1_3' title="bbox 251 622 1296 748; baseline 0.016 -34"><span class='ocrx_word' id='word_1_13' title='bbox 251 645 360 716; x_wconf 89' lang='lat' dir='ltr'><strong>ciliata</strong></span> <span class='ocrx_word' id='word_1_14' title='bbox 388 635 513 742; x_wconf 84' lang='lat' dir='ltr'><strong>gratia,</strong></span> <span class='ocrx_word' id='word_1_15' title='bbox 537 655 679 746; x_wconf 80' lang='lat' dir='ltr'><strong>purgata</strong></span> <span class='ocrx_word' id='word_1_16' title='bbox 704 622 910 748; x_wconf 86' lang='lat' dir='ltr'><strong>suspicione,</strong></span> <span class='ocrx_word' id='word_1_17' title='bbox 938 660 1061 728; x_wconf 86' lang='lat' dir='ltr'><strong>amicos</strong></span> <span class='ocrx_word' id='word_1_18' title='bbox 1090 684 1130 728; x_wconf 83' lang='lat' dir='ltr'><strong>ex</strong></span> <span class='ocrx_word' id='word_1_19' title='bbox 1157 660 1296 731; x_wconf 85' lang='lat' dir='ltr'><strong>infensis</strong></span> 
     </span>
     <span class='ocr_line' id='line_1_4' title="bbox 250 793 1296 902; baseline 0.014 -41"><span class='ocrx_word' id='word_1_20' title='bbox 250 793 460 864; x_wconf 88' lang='lat' dir='ltr'><strong>reddidisse:</strong></span> <span class='ocrx_word' id='word_1_21' title='bbox 482 797 558 866; x_wconf 92' lang='lat' dir='ltr'><strong>inde</strong></span> <span class='ocrx_word' id='word_1_22' title='bbox 575 797 677 886; x_wconf 89' lang='lat' dir='ltr'><strong>alius,</strong></span> <span class='ocrx_word' id='word_1_23' title='bbox 699 825 768 868; x_wconf 90' lang='lat' dir='ltr'><strong>sese</strong></span> <span class='ocrx_word' id='word_1_24' title='bbox 787 803 979 895; x_wconf 89' lang='lat' dir='ltr'><strong>parentibus</strong></span> <span class='ocrx_word' id='word_1_25' title='bbox 998 803 1170 898; x_wconf 84' lang='lat' dir='ltr'><strong>quidpiam</strong></span> <span class='ocrx_word' id='word_1_26' title='bbox 1190 809 1296 902; x_wconf 88' lang='lat' dir='ltr'><strong>impe·</strong></span> 
     </span>
     <span class='ocr_line' id='line_1_5' title="bbox 223 939 1296 1044; baseline 0.013 -38"><span class='ocrx_word' id='word_1_27' title='bbox 223 939 405 1038; x_wconf 53' lang='lat' dir='ltr'><strong>‘rantibus</strong></span> <span class='ocrx_word' id='word_1_28' title='bbox 433 940 585 1044; x_wconf 80' lang='lat' dir='ltr'><strong>obedisse</strong></span> <span class='ocrx_word' id='word_1_29' title='bbox 613 969 620 1008; x_wconf 92' lang='lat'>:</span> <span class='ocrx_word' id='word_1_30' title='bbox 649 959 683 1038; x_wconf 83' lang='lat' dir='ltr'><strong>et</strong></span> <span class='ocrx_word' id='word_1_31' title='bbox 709 942 814 1027; x_wconf 87' lang='lat' dir='ltr'><strong>alius,</strong></span> <span class='ocrx_word' id='word_1_32' title='bbox 840 943 965 1038; x_wconf 90' lang='lat' dir='ltr'><strong>aliquid</strong></span> <span class='ocrx_word' id='word_1_33' title='bbox 993 947 1209 1018; x_wconf 79' lang='lat' dir='ltr'><strong>meditatione</strong></span> <span class='ocrx_word' id='word_1_34' title='bbox 1236 976 1296 1020; x_wconf 90' lang='lat' dir='ltr'><strong>sua</strong></span> 
     </span>
     <span class='ocr_line' id='line_1_6' title="bbox 251 1069 1347 1190; baseline 0.012 -39"><span class='ocrx_word' id='word_1_35' title='bbox 251 1071 429 1190; x_wconf 58' lang='lat' dir='ltr'><strong>reperisse3</strong></span> <span class='ocrx_word' id='word_1_36' title='bbox 448 1083 498 1152; x_wconf 91' lang='lat' dir='ltr'><strong>vel</strong></span> <span class='ocrx_word' id='word_1_37' title='bbox 513 1088 648 1156; x_wconf 86' lang='lat' dir='ltr'><strong>alterius</strong></span> <span class='ocrx_word' id='word_1_38' title='bbox 662 1087 944 1158; x_wconf 82' lang='lat' dir='ltr'><strong>demonstratione</strong></span> <span class='ocrx_word' id='word_1_39' title='bbox 959 1089 1122 1161; x_wconf 88' lang='lat' dir='ltr'><strong>didicisse.</strong></span> <span class='ocrx_word' id='word_1_40' title='bbox 1138 1096 1296 1188; x_wconf 89' lang='lat' dir='ltr'><strong>Denique</strong></span> <span class='ocrx_word' id='word_1_41' title='bbox 1345 1069 1347 1078; x_wconf 25' lang='lat' dir='ltr'><strong>i</strong></span> 
     </span>
     <span class='ocr_line' id='line_1_7' title="bbox 250 1222 1297 1334; baseline 0.014 -39"><span class='ocrx_word' id='word_1_42' title='bbox 250 1228 352 1297; x_wconf 82' lang='lat' dir='ltr'><strong>ceteri</strong></span> <span class='ocrx_word' id='word_1_43' title='bbox 373 1246 647 1298; x_wconf 88' lang='lat' dir='ltr'><strong>commemorant.</strong></span> <span class='ocrx_word' id='word_1_44' title='bbox 663 1231 732 1320; x_wconf 86' lang='lat' dir='ltr'><strong>Qui</strong></span> <span class='ocrx_word' id='word_1_45' title='bbox 750 1232 834 1302; x_wconf 91' lang='lat' dir='ltr'><strong>nihil</strong></span> <span class='ocrx_word' id='word_1_46' title='bbox 850 1234 951 1303; x_wconf 86' lang='lat' dir='ltr'><strong>habet</strong></span> <span class='ocrx_word' id='word_1_47' title='bbox 976 1235 1097 1305; x_wconf 84' lang='lat' dir='ltr'><strong>afferre</strong></span> <span class='ocrx_word' id='word_1_48' title='bbox 1120 1222 1181 1308; x_wconf 86' lang='lat' dir='ltr'><strong>cur</strong></span> <span class='ocrx_word' id='word_1_49' title='bbox 1196 1266 1297 1334; x_wconf 87' lang='lat' dir='ltr'><strong>pran-</strong></span> 
     </span>
    </p>
   </div>
   <div class='ocr_carea' id='block_1_3' title="bbox 236 1373 1026 1470">
    <p class='ocr_par' dir='ltr' id='par_1_3' title="bbox 236 1373 1026 1470">
     <span class='ocr_line' id='line_1_8' title="bbox 236 1373 1026 1470; baseline 0.013 -32"><span class='ocrx_word' id='word_1_50' title='bbox 236 1373 344 1469; x_wconf 79' lang='lat' dir='ltr'><strong>deat,</strong></span> <span class='ocrx_word' id='word_1_51' title='bbox 364 1374 541 1466; x_wconf 83' lang='lat' dir='ltr'><strong>inpransus</strong></span> <span class='ocrx_word' id='word_1_52' title='bbox 559 1374 602 1442; x_wconf 90' lang='lat' dir='ltr'><strong>ad</strong></span> <span class='ocrx_word' id='word_1_53' title='bbox 621 1401 709 1470; x_wconf 92' lang='lat' dir='ltr'><strong>opus·</strong></span> <span class='ocrx_word' id='word_1_54' title='bbox 724 1377 812 1446; x_wconf 91' lang='lat' dir='ltr'><strong>foras</strong></span> <span class='ocrx_word' id='word_1_55' title='bbox 830 1379 1026 1448; x_wconf 84' lang='lat' dir='ltr'><strong>extruditur.</strong></span> 
     </span>
    </p>
   </div>
   <div class='ocr_carea' id='block_1_4' title="bbox 146 1966 1352 3274">
    <p class='ocr_par' dir='ltr' id='par_1_4' title="bbox 146 1966 1352 3274">
     <span class='ocr_line' id='line_1_9' title="bbox 250 1966 1295 2079; baseline -0.002 -43"><span class='ocrx_word' id='word_1_56' title='bbox 250 1967 377 2036; x_wconf 79' lang='lat' dir='ltr'><strong>&#39;&#39;vtL</strong></span> <span class='ocrx_word' id='word_1_57' title='bbox 407 1966 598 2037; x_wconf 83' lang='lat' dir='ltr'><strong>Alexandro</strong></span> <span class='ocrx_word' id='word_1_58' title='bbox 625 1966 690 2055; x_wconf 90' lang='lat' dir='ltr'><strong>illi,</strong></span> <span class='ocrx_word' id='word_1_59' title='bbox 718 1966 817 2064; x_wconf 88' lang='lat' dir='ltr'><strong>longe</strong></span> <span class='ocrx_word' id='word_1_60' title='bbox 844 1971 994 2079; x_wconf 83' lang='lat' dir='ltr'><strong>omnium</strong></span> <span class='ocrx_word' id='word_1_61' title='bbox 1020 1967 1295 2061; x_wconf 83' lang='lat' dir='ltr'><strong>excellentissimo</strong></span> 
     </span>
     <span class='ocr_line' id='line_1_10' title="bbox 252 2101 1294 2208; baseline -0.004 -26"><span class='ocrx_word' id='word_1_62' title='bbox 252 2115 342 2208; x_wconf 88' lang='lat' dir='ltr'><strong>regi,</strong></span> <span class='ocrx_word' id='word_1_63' title='bbox 364 2115 418 2182; x_wconf 90' lang='lat' dir='ltr'><strong>cui</strong></span> <span class='ocrx_word' id='word_1_64' title='bbox 438 2139 479 2182; x_wconf 89' lang='lat' dir='ltr'><strong>ex</strong></span> <span class='ocrx_word' id='word_1_65' title='bbox 498 2114 598 2183; x_wconf 89' lang='lat' dir='ltr'><strong>rebus</strong></span> <span class='ocrx_word' id='word_1_66' title='bbox 616 2117 697 2202; x_wconf 90' lang='lat' dir='ltr'><strong>actis</strong></span> <span class='ocrx_word' id='word_1_67' title='bbox 715 2101 750 2184; x_wconf 73' lang='lat' dir='ltr'><strong>et</strong></span> <span class='ocrx_word' id='word_1_68' title='bbox 767 2116 870 2184; x_wconf 84' lang='lat' dir='ltr'><strong>auctis</strong></span> <span class='ocrx_word' id='word_1_69' title='bbox 890 2118 1149 2208; x_wconf 83' lang='lat' dir='ltr'><strong>cognomentum</strong></span> <span class='ocrx_word' id='word_1_70' title='bbox 1167 2115 1294 2207; x_wconf 84' lang='lat' dir='ltr'><strong>Magno</strong></span> 
     </span>
     <span class='ocr_line' id='line_1_11' title="bbox 252 2245 1295 2353; baseline -0.001 -27"><span class='ocrx_word' id='word_1_71' title='bbox 252 2245 397 2327; x_wconf 87' lang='lat' dir='ltr'><strong>inditum</strong></span> <span class='ocrx_word' id='word_1_72' title='bbox 418 2275 486 2345; x_wconf 85' lang='lat' dir='ltr'><strong>est,</strong></span> <span class='ocrx_word' id='word_1_73' title='bbox 504 2283 545 2326; x_wconf 91' lang='lat' dir='ltr'><strong>ne</strong></span> <span class='ocrx_word' id='word_1_74' title='bbox 564 2261 631 2344; x_wconf 89' lang='lat' dir='ltr'><strong>vir,</strong></span> <span class='ocrx_word' id='word_1_75' title='bbox 650 2261 700 2327; x_wconf 93' lang='lat' dir='ltr'><strong>uti</strong></span> <span class='ocrx_word' id='word_1_76' title='bbox 723 2260 855 2328; x_wconf 89' lang='lat' dir='ltr'><strong>unicam</strong></span> <span class='ocrx_word' id='word_1_77' title='bbox 876 2256 1016 2353; x_wconf 84' lang='lat' dir='ltr'><strong>gloriam</strong></span> <span class='ocrx_word' id='word_1_78' title='bbox 1042 2257 1201 2351; x_wconf 85' lang='lat' dir='ltr'><strong>adeptus,</strong></span> <span class='ocrx_word' id='word_1_79' title='bbox 1223 2258 1295 2326; x_wconf 92' lang='lat' dir='ltr'><strong>sine</strong></span> 
     </span>
     <span class='ocr_line' id='line_1_12' title="bbox 251 2407 1294 2505; baseline -0.002 -27"><span class='ocrx_word' id='word_1_80' title='bbox 251 2407 349 2480; x_wconf 90' lang='lat' dir='ltr'><strong>laude</strong></span> <span class='ocrx_word' id='word_1_81' title='bbox 389 2434 535 2505; x_wconf 89' lang='lat' dir='ltr'><strong>unquam</strong></span> <span class='ocrx_word' id='word_1_82' title='bbox 577 2411 825 2498; x_wconf 88' lang='lat' dir='ltr'><strong>nominaretur;</strong></span> <span class='ocrx_word' id='word_1_83' title='bbox 861 2434 938 2477; x_wconf 91' lang='lat' dir='ltr'><strong>nam</strong></span> <span class='ocrx_word' id='word_1_84' title='bbox 984 2407 1073 2478; x_wconf 87' lang='lat' dir='ltr'><strong>solus</strong></span> <span class='ocrx_word' id='word_1_85' title='bbox 1106 2435 1125 2476; x_wconf 93' lang='lat' dir='ltr'><strong>a</strong></span> <span class='ocrx_word' id='word_1_86' title='bbox 1158 2408 1294 2476; x_wconf 88' lang='lat' dir='ltr'><strong>condito</strong></span> 
     </span>
     <span class='ocr_line' id='line_1_13' title="bbox 252 2559 1352 2674; baseline -0.006 -42"><span class='ocrx_word' id='word_1_87' title='bbox 252 2588 338 2652; x_wconf 74' lang='lat' dir='ltr'><strong>aevo,</strong></span> <span class='ocrx_word' id='word_1_88' title='bbox 353 2577 517 2656; x_wconf 84' lang='lat' dir='ltr'><strong>quantum</strong></span> <span class='ocrx_word' id='word_1_89' title='bbox 533 2561 707 2630; x_wconf 92' lang='lat' dir='ltr'><strong>hominum</strong></span> <span class='ocrx_word' id='word_1_90' title='bbox 723 2559 884 2628; x_wconf 87' lang='lat' dir='ltr'><strong>memoria</strong></span> <span class='ocrx_word' id='word_1_91' title='bbox 899 2575 1019 2645; x_wconf 86' lang='lat' dir='ltr'><strong>exstat,</strong></span> <span class='ocrx_word' id='word_1_92' title='bbox 1036 2559 1293 2674; x_wconf 79' lang='lat' dir='ltr'><strong>inexsuperabili</strong></span> <span class='ocrx_word' id='word_1_93' title='bbox 1346 2592 1352 2598; x_wconf 29' lang='lat' dir='ltr'><strong>s</strong></span> 
     </span>
     <span class='ocr_line' id='line_1_14' title="bbox 252 2709 1294 2806; baseline -0.003 -25"><span class='ocrx_word' id='word_1_94' title='bbox 252 2714 396 2806; x_wconf 91' lang='lat' dir='ltr'><strong>imperio</strong></span> <span class='ocrx_word' id='word_1_95' title='bbox 429 2709 520 2781; x_wconf 89' lang='lat' dir='ltr'><strong>orbis</strong></span> <span class='ocrx_word' id='word_1_96' title='bbox 551 2723 687 2798; x_wconf 85' lang='lat' dir='ltr'><strong>auctus,</strong></span> <span class='ocrx_word' id='word_1_97' title='bbox 714 2711 849 2780; x_wconf 86' lang='lat' dir='ltr'><strong>fortuna</strong></span> <span class='ocrx_word' id='word_1_98' title='bbox 877 2736 936 2778; x_wconf 88' lang='lat' dir='ltr'><strong>sua</strong></span> <span class='ocrx_word' id='word_1_99' title='bbox 968 2712 1079 2804; x_wconf 36' lang='lat' dir='ltr'><strong>majorss</strong></span> <span class='ocrx_word' id='word_1_100' title='bbox 1097 2712 1190 2779; x_wconf 88' lang='lat' dir='ltr'><strong>fuit:</strong></span> <span class='ocrx_word' id='word_1_101' title='bbox 1218 2735 1294 2778; x_wconf 92' lang='lat' dir='ltr'><strong>suc-</strong></span> 
     </span>
     <span class='ocr_line' id='line_1_15' title="bbox 252 2833 1294 2957; baseline -0.004 -25"><span class='ocrx_word' id='word_1_102' title='bbox 252 2887 430 2956; x_wconf 90' lang='lat' dir='ltr'><strong>cessusque</strong></span> <span class='ocrx_word' id='word_1_103' title='bbox 449 2864 520 2956; x_wconf 88' lang='lat' dir='ltr'><strong>ejus</strong></span> <span class='ocrx_word' id='word_1_104' title='bbox 540 2833 759 2957; x_wconf 86' lang='lat' dir='ltr'><strong>amplissimos</strong></span> <span class='ocrx_word' id='word_1_105' title='bbox 781 2877 815 2929; x_wconf 86' lang='lat' dir='ltr'><strong>et</strong></span> <span class='ocrx_word' id='word_1_106' title='bbox 839 2861 1034 2956; x_wconf 84' lang='lat' dir='ltr'><strong>provocavit</strong></span> <span class='ocrx_word' id='word_1_107' title='bbox 1057 2876 1096 2929; x_wconf 89' lang='lat' dir='ltr'><strong>ut</strong></span> <span class='ocrx_word' id='word_1_108' title='bbox 1118 2874 1294 2948; x_wconf 88' lang='lat' dir='ltr'><strong>strenuus,</strong></span> 
     </span>
     <span class='ocr_line' id='line_1_16' title="bbox 252 3001 1295 3109; baseline -0.002 -27"><span class='ocrx_word' id='word_1_109' title='bbox 252 3033 285 3082; x_wconf 90' lang='lat' dir='ltr'><strong>et</strong></span> <span class='ocrx_word' id='word_1_110' title='bbox 304 3014 522 3109; x_wconf 84' lang='lat' dir='ltr'><strong>aequiparavit</strong></span> <span class='ocrx_word' id='word_1_111' title='bbox 542 3027 580 3080; x_wconf 90' lang='lat' dir='ltr'><strong>ut</strong></span> <span class='ocrx_word' id='word_1_112' title='bbox 602 3014 758 3099; x_wconf 87' lang='lat' dir='ltr'><strong>meritus,</strong></span> <span class='ocrx_word' id='word_1_113' title='bbox 780 3027 814 3080; x_wconf 87' lang='lat' dir='ltr'><strong>et</strong></span> <span class='ocrx_word' id='word_1_114' title='bbox 835 3001 1003 3105; x_wconf 86' lang='lat' dir='ltr'><strong>superavit</strong></span> <span class='ocrx_word' id='word_1_115' title='bbox 1026 3029 1066 3081; x_wconf 90' lang='lat' dir='ltr'><strong>ut</strong></span> <span class='ocrx_word' id='word_1_116' title='bbox 1086 3010 1220 3098; x_wconf 89' lang='lat' dir='ltr'><strong>melior,</strong></span> <span class='ocrx_word' id='word_1_117' title='bbox 1242 3038 1295 3081; x_wconf 91' lang='lat' dir='ltr'><strong>so-</strong></span> 
     </span>
     <span class='ocr_line' id='line_1_17' title="bbox 146 3137 1296 3274; baseline -0.001 -44"><span class='ocrx_word' id='word_1_118' title='bbox 146 3216 160 3230; x_wconf 87' lang='lat'><strong>..</strong></span> <span class='ocrx_word' id='word_1_119' title='bbox 252 3165 370 3256; x_wconf 92' lang='lat' dir='ltr'><strong>lusque</strong></span> <span class='ocrx_word' id='word_1_120' title='bbox 394 3137 463 3230; x_wconf 91' lang='lat' dir='ltr'><strong>sine</strong></span> <span class='ocrx_word' id='word_1_121' title='bbox 489 3160 608 3229; x_wconf 85' lang='lat' dir='ltr'><strong>aemulo</strong></span> <span class='ocrx_word' id='word_1_122' title='bbox 634 3158 765 3258; x_wconf 27' lang='lat' dir='ltr'><strong>clarus-3</strong></span> <span class='ocrx_word' id='word_1_123' title='bbox 786 3159 876 3228; x_wconf 87' lang='lat' dir='ltr'><strong>adeo</strong></span> <span class='ocrx_word' id='word_1_124' title='bbox 896 3176 934 3227; x_wconf 88' lang='lat' dir='ltr'><strong>ut</strong></span> <span class='ocrx_word' id='word_1_125' title='bbox 958 3185 1057 3228; x_wconf 92' lang='lat' dir='ltr'><strong>nemo</strong></span> <span class='ocrx_word' id='word_1_126' title='bbox 1081 3159 1200 3274; x_wconf 81' lang='lat' dir='ltr'><strong>audeat</strong></span> <span class='ocrx_word' id='word_1_127' title='bbox 1223 3162 1296 3253; x_wconf 85' lang='lat' dir='ltr'><strong>ejus</strong></span> 
     </span>
    </p>
   </div>
   <div class='ocr_carea' id='block_1_5' title="bbox 250 3289 1297 3408">
    <p class='ocr_par' dir='ltr' id='par_1_5' title="bbox 250 3289 1297 3408">
     <span class='ocr_line' id='line_1_18' title="bbox 250 3289 1297 3408; baseline -0.003 -26"><span class='ocrx_word' id='word_1_128' title='bbox 250 3311 302 3382; x_wconf 87' lang='lat' dir='ltr'><strong>vel</strong></span> <span class='ocrx_word' id='word_1_129' title='bbox 323 3336 456 3407; x_wconf 90' lang='lat' dir='ltr'><strong>sperare</strong></span> <span class='ocrx_word' id='word_1_130' title='bbox 475 3313 657 3396; x_wconf 83' lang='lat' dir='ltr'><strong>virtutem,</strong></span> <span class='ocrx_word' id='word_1_131' title='bbox 677 3306 729 3376; x_wconf 90' lang='lat' dir='ltr'><strong>vel</strong></span> <span class='ocrx_word' id='word_1_132' title='bbox 751 3308 1067 3408; x_wconf 29' lang='lat' dir='ltr'><strong>optarelfortunam.</strong></span> <span class='ocrx_word' id='word_1_133' title='bbox 1089 3289 1170 3402; x_wconf 63' lang='lat' dir='ltr'><strong>Eius</strong></span> <span class='ocrx_word' id='word_1_134' title='bbox 1192 3311 1297 3404; x_wconf 76' lang='lat' dir='ltr'><strong>igitur</strong></span> 
     </span>
    </p>
   </div>
   <div class='ocr_carea' id='block_1_6' title="bbox 145 3458 1295 3556">
    <p class='ocr_par' dir='ltr' id='par_1_6' title="bbox 145 3458 1295 3556">
     <span class='ocr_line' id='line_1_19' title="bbox 145 3458 1295 3556; baseline 0 -24"><span class='ocrx_word' id='word_1_135' title='bbox 145 3522 149 3532; x_wconf 88' lang='lat'><em>.</em></span> <span class='ocrx_word' id='word_1_136' title='bbox 251 3462 432 3535; x_wconf 84' lang='lat' dir='ltr'><strong>Alexandri</strong></span> <span class='ocrx_word' id='word_1_137' title='bbox 456 3461 561 3531; x_wconf 90' lang='lat' dir='ltr'><strong>multa</strong></span> <span class='ocrx_word' id='word_1_138' title='bbox 586 3458 741 3530; x_wconf 88' lang='lat' dir='ltr'><strong>sublimia</strong></span> <span class='ocrx_word' id='word_1_139' title='bbox 767 3461 937 3548; x_wconf 82' lang='lat' dir='ltr'><strong>facinora,</strong></span> <span class='ocrx_word' id='word_1_140' title='bbox 963 3477 997 3529; x_wconf 88' lang='lat' dir='ltr'><strong>et</strong></span> <span class='ocrx_word' id='word_1_141' title='bbox 1022 3461 1180 3556; x_wconf 76' lang='lat' dir='ltr'><strong>praeclara</strong></span> <span class='ocrx_word' id='word_1_142' title='bbox 1204 3462 1295 3532; x_wconf 87' lang='lat' dir='ltr'><strong>edita</strong></span> 
     </span>
    </p>
   </div>
   <div class='ocr_carea' id='block_1_7' title="bbox 250 3578 1295 3718">
    <p class='ocr_par' dir='ltr' id='par_1_7' title="bbox 250 3578 1295 3718">
     <span class='ocr_line' id='line_1_20' title="bbox 250 3578 1295 3718; baseline -0.003 -32"><span class='ocrx_word' id='word_1_143' title='bbox 250 3617 439 3710; x_wconf 82' lang='lat' dir='ltr'><strong>fatigaberis</strong></span> <span class='ocrx_word' id='word_1_144' title='bbox 466 3613 683 3718; x_wconf 85' lang='lat' dir='ltr'><strong>admirando,</strong></span> <span class='ocrx_word' id='word_1_145' title='bbox 710 3610 761 3680; x_wconf 90' lang='lat' dir='ltr'><strong>vel</strong></span> <span class='ocrx_word' id='word_1_146' title='bbox 786 3611 863 3681; x_wconf 93' lang='lat' dir='ltr'><strong>belli</strong></span> <span class='ocrx_word' id='word_1_147' title='bbox 889 3639 988 3701; x_wconf 90' lang='lat' dir='ltr'><strong>ausa,</strong></span> <span class='ocrx_word' id='word_1_148' title='bbox 1015 3613 1066 3716; x_wconf 74' lang='lat' dir='ltr'><strong>uel</strong></span> <span class='ocrx_word' id='word_1_149' title='bbox 1096 3578 1185 3682; x_wconf 92' lang='lat' dir='ltr'><strong>domi</strong></span> <span class='ocrx_word' id='word_1_150' title='bbox 1213 3639 1295 3708; x_wconf 92' lang='lat' dir='ltr'><strong>pro-</strong></span> 
     </span>
    </p>
   </div>
   <div class='ocr_carea' id='block_1_8' title="bbox 221 3761 1316 4003">
    <p class='ocr_par' dir='ltr' id='par_1_8' title="bbox 170 3761 1316 4003">
     <span class='ocr_line' id='line_1_21' title="bbox 221 3761 1295 3858; baseline -0.003 -26.136"><span class='ocrx_word' id='word_1_151' title='bbox 221 3839 223 3842; x_wconf 46' lang='lat'><em>,</em></span> <span class='ocrx_word' id='word_1_152' title='bbox 250 3768 340 3851; x_wconf 90' lang='lat' dir='ltr'><strong>visa;</strong></span> <span class='ocrx_word' id='word_1_153' title='bbox 361 3791 435 3858; x_wconf 85' lang='lat' dir='ltr'><strong>quae</strong></span> <span class='ocrx_word' id='word_1_154' title='bbox 460 3765 572 3842; x_wconf 83' lang='lat' dir='ltr'><strong>omnia</strong></span> <span class='ocrx_word' id='word_1_155' title='bbox 597 3763 844 3857; x_wconf 58' lang='lat' dir='ltr'><strong>aggressusest</strong></span> <span class='ocrx_word' id='word_1_156' title='bbox 869 3788 961 3832; x_wconf 88' lang='lat' dir='ltr'><strong>meus</strong></span> <span class='ocrx_word' id='word_1_157' title='bbox 985 3761 1157 3850; x_wconf 86' lang='lat' dir='ltr'><strong>Clemens,</strong></span> <span class='ocrx_word' id='word_1_158' title='bbox 1181 3766 1295 3834; x_wconf 78' lang='lat' dir='ltr'><strong>erudi.-</strong></span> 
     </span>
     <span class='ocr_line' id='line_1_22' title="bbox 249 3908 1316 4003; baseline 0 -21"><span class='ocrx_word' id='word_1_159' title='bbox 249 3914 393 3995; x_wconf 84' lang='lat' dir='ltr'><strong>tissimus</strong></span> <span class='ocrx_word' id='word_1_160' title='bbox 409 3927 442 3980; x_wconf 86' lang='lat' dir='ltr'><strong>et</strong></span> <span class='ocrx_word' id='word_1_161' title='bbox 460 3911 672 3982; x_wconf 84' lang='lat' dir='ltr'><strong>suavissimus</strong></span> <span class='ocrx_word' id='word_1_162' title='bbox 691 3923 883 4002; x_wconf 85' lang='lat' dir='ltr'><strong>poetarum,</strong></span> <span class='ocrx_word' id='word_1_163' title='bbox 901 3908 1126 4003; x_wconf 90' lang='lat' dir='ltr'><strong>pulcherrimo</strong></span> <span class='ocrx_word' id='word_1_164' title='bbox 1145 3914 1296 3982; x_wconf 89' lang='lat' dir='ltr'><strong>carmine</strong></span> <span class='ocrx_word' id='word_1_165' title='bbox 1313 3983 1316 3987; x_wconf 84' lang='grc'>,</span> 
     </span>
    </p>
   </div>
   <div class='ocr_carea' id='block_1_9' title="bbox 249 4045 501 4158">
    <p class='ocr_par' dir='ltr' id='par_1_9' title="bbox 249 4045 501 4158">
     <span class='ocr_line' id='line_1_23' title="bbox 249 4045 501 4158; baseline -0.016 -34"><span class='ocrx_word' id='word_1_166' title='bbox 249 4055 423 4158; x_wconf 83' lang='lat' dir='ltr'><strong>illustrare.</strong></span> <span class='ocrx_word' id='word_1_167' title='bbox 480 4045 501 4079; x_wconf 66' lang='lat'>³</span> 
     </span>
    </p>
   </div>
   <div class='ocr_carea' id='block_1_10' title="bbox 0 0 1400 4740">
    <p class='ocr_par' dir='ltr' id='par_1_10' title="bbox 0 0 1400 4740">
     <span class='ocr_line' id='line_1_24' title="bbox 0 0 1400 4740; baseline 0 0"><span class='ocrx_word' id='word_1_168' title='bbox 0 0 1400 4740; x_wconf 95' lang='lat' dir='ltr'><strong> </strong></span> 
     </span>
    </p>
   </div>
  </div>
 </body>
</html>
