2764 4740
263 397 302 464 9l
565 389 815 446 FLORIDORUM
835 389 946 446 LIBER
966 391 1025 460 tv..

264 511 403 593 nienda,
424 515 471 582 sic
491 529 525 582 et
545 514 588 598 ad
607 513 736 584 laudem
759 514 836 580 satis
853 526 922 597 est,
942 513 1053 580 conari
1077 511 1303 604 praedicanda.

263 661 347 747 Quoe
372 673 481 726 autem
504 659 608 750 major
633 655 725 760 laus,
747 671 804 724 aut
825 658 963 739 certior,
985 681 1083 748 quam
1105 657 1305 750 Carthagini

263 801 476 900 benedicere,
507 800 562 867 ubi
592 815 658 868 tota
689 799 803 867 civitas
831 799 1043 868 eruditissimi
1072 800 1168 884 estis,
1198 823 1304 892 penes

262 969 346 1038 quos
364 969 496 1012 omnem
517 942 720 1036 disciplinam
743 945 836 1036 pueri
857 943 1008 1028 discunt,
1027 943 1164 1036 juvenes
1185 957 1303 1011 osten·

262 1103 356 1174 tant,
387 1112 477 1155 senes
506 1085 648 1154 docent?
676 1087 843 1180 Carthago
871 1087 1049 1179 provinciae
1079 1100 1197 1154 nostrae
1226 1111 1302 1153 ma·

262 1235 363 1326 gistra
379 1230 591 1314 venerabilis,
608 1232 780 1322 Carthago
795 1230 913 1298 Africae
930 1255 1022 1298 musa
1037 1227 1195 1315 coelestis,
1211 1232 1300 1297 Gar·

262 1377 363 1470 thago
380 1401 529 1444 camoena
540 1389 746 1468 togatorum.

309 1791 402 1856 XXI.
431 1789 535 1857 Habet
569 1788 734 1856 interdurn
766 1803 798 1854 et
830 1789 1010 1855 necessaria
1042 1779 1210 1856 festinatio
1242 1789 1303 1856 ho·

266 1948 372 2028 nestas
393 1957 518 2013 moras,
540 1955 623 2023 saepe
643 1931 690 1998 uti
708 1929 802 1997 malis
821 1921 1062 2023 interpellatam
1084 1929 1301 1998 voluntatem.

265 2078 399 2169 Quippe
417 2091 449 2144 et
469 2073 549 2158 illis,
569 2074 689 2166 quibus
708 2072 874 2148 curriculo
893 2074 1041 2144 consecto
1060 2077 1112 2152 via
1129 2099 1215 2167 opus
1234 2090 1305 2153 est,

265 2220 347 2288 adeo
371 2222 418 2287 uti
442 2233 626 2312 praeoptent
650 2217 791 2311 pendere
815 2243 920 2310 equ0‚
944 2244 1042 2311 quarn
1067 2235 1229 2311 carpento
1253 2245 1306 2288 se·

266 2348 360 2447 dere,
384 2377 528 2454 propter·
545 2359 708 2429 molestias
731 2363 953 2444 sarcinarum,
978 2379 1011 2428 et
1035 2361 1181 2454 pondera
1208 2364 1306 2430 vehi·

265 2507 430 2596 culorum,
448 2525 481 2577 et
498 2534 606 2577 moras
623 2510 771 2594 orbium,
790 2525 822 2576 et
839 2509 981 2578 salebras
998 2511 1199 2597 orbitarum,
1218 2511 1307 2580 adde

264 2666 297 2719 et
322 2650 468 2743 lapidum
497 2649 631 2743 globos,
656 2665 689 2718 et
713 2650 888 2719 caudicum
915 2667 1023 2737 toros,
1048 2667 1082 2721 et
1105 2676 1307 2743 camporum

264 2798 369 2881 rivos,
387 2812 420 2866 ct
437 2795 569 2863 collium
587 2795 698 2863 clivos.
720 2797 818 2864 Hisce
838 2797 938 2889 igitur
959 2799 1170 2866 moramentis
1192 2803 1307 2867 omni-

265 2941 325 3006 bus
355 2939 412 3029 qui
443 2937 560 3005 volunt
589 2935 750 3020 devitari,
780 2939 988 3008 advectorem
1019 2941 1149 3008 sibimet
1177 2965 1306 3034 equum

262 3082 429 3178 deligunt,
446 3083 581 3150 diutinae
598 3082 820 3167 fortitudinis,
838 3085 959 3151 vivacis
975 3087 1175 3177 pernicitatis
1194 3113 1202 3154 ε
1222 3089 1305 3156 item

262 3241 295 3295 et
311 3227 396 3295 ferre
413 3226 576 3310 validum,
593 3241 625 3295 et
637 3228 690 3298 'ire
708 3226 859 3318 rapidum
880 3253 886 3293 :

375 3411 432 3480 Qui
451 3429 565 3483 campos
583 3411 723 3484 collesque
741 3411 829 3486 gradu
847 3413 1005 3484 perlabitur
1018 3435 1091 3483 uno,
1129 3391 1130 3396 Ἰ

157 3589 159 3598 ‘
262 3599 299 3652 ut
318 3585 365 3652 ait
387 3581 677 3667 Lucilius31amen
698 3606 801 3674 quum
822 3607 963 3675 coequo
982 3607 1041 3678 per
1060 3585 1145 3652 viam
1167 3587 1304 3656 concito

260 3725 451 3820 pervolant3
471 3728 496 3793 si
520 3749 615 3818 quem
640 3726 762 3793 interea
785 3729 1021 3822 conspicantur
1044 3753 1083 3796 ex
1106 3714 1304 3824 principali·

258 3871 320 3936 bus
351 3872 428 3938 viris
459 3869 601 3939 nobilem
634 3870 824 3954 bominem,
855 3871 941 3940 bene
971 3872 1183 3962 consultum,
1214 3878 1304 3948 bene

256 4012 446 4106 cognitum3
467 4037 668 4106 quamquam
687 4014 811 4107 oppido
831 4014 1007 4103 festinent,
1028 4033 1137 4088 tamen
1160 4021 1302 4093 bonoris
