2790 4740
265 362 302 418 ε,
557 361 812 419 reoamonou
834 325 945 418 emsa
964 364 1012 416 iv.

312 489 510 580 Protagoras
525 489 582 579 qui
599 488 746 579 sophista
763 487 825 556 fuit
841 486 939 580 longe
956 486 1155 576 multiscius,
1175 502 1208 556 et
1226 514 1300 558 eum

264 636 380 727 primis
403 627 588 703 Rhetoricae
608 634 832 726 repertoribus
854 634 1095 729 perfacundus,
1117 639 1302 704 Democriti

264 779 392 874 physici
408 781 489 848 civis
505 790 667 873 aequaevus
683 806 691 847 :
707 780 784 848 inde
801 782 830 848 ei
848 778 1057 874 suppeditata
1072 747 1301 850 doctrina'est.

264 925 350 993 Eum
368 925 585 1014 Protagoram
607 923 701 990 aiunt
719 946 794 990 cum
814 947 875 990 suo
894 922 956 990 sibi
974 919 1138 1014 discipulo
1156 923 1302 992 Euathlo

263 1066 448 1135 tnercedem
464 1068 561 1134 nimis
575 1067 711 1134 uberem
725 1066 918 1134 conditione
932 1068 1106 1134 temeraria
1122 1069 1301 1162 pepigisse,

269 1226 305 1279 ut
323 1210 384 1278 sibi
402 1222 473 1279 tum
491 1211 625 1279 demum
644 1210 677 1277 id
695 1213 824 1305 argenti
843 1210 953 1292 daret,
974 1215 1000 1277 si
1020 1215 1127 1306 primo
1145 1213 1301 1282 tirocinio

262 1354 380 1450 agendi
396 1379 497 1450 penes
507 1356 636 1448 judices
651 1355 791 1422 vicisset.
809 1357 914 1448 Igitur
928 1353 1109 1440 Euathlus,
1122 1372 1300 1450 postquam

262 1514 382 1568 cuneta
405 1497 461 1568 illa
481 1461 661 1570 exorabula
680 1495 922 1590 judicantium,
947 1515 980 1567 et
1004 1499 1155 1592 decipula
1181 1500 1299 1568 adver-
1340 1473 1342 1480 ,

261 1643 429 1722 santium,
454 1657 488 1708 et
515 1640 652 1708 artificia
682 1640 886 1724 dicentium,
914 1656 1064 1708 versutus
1091 1640 1239 1734 alioquin
1269 1660 1302 1712 et

263 1786 448 1878 ingeniatus
481 1783 522 1851 ad
554 1786 733 1868 astutiam,
764 1782 859 1851 facile
891 1784 1091 1877 perdidicit3
1124 1801 1300 1854 contentus

260 1931 363 2012 seire,
387 1929 479 2021 quod
501 1930 733 2021 concupierat,
757 1930 857 2020 eoepit
880 1927 969 1997 nolle
992 1929 1083 2022 quod
1108 1932 1300 2023 pepigerat,

260 2071 316 2141 sed
334 2070 452 2140 callide
469 2069 642 2138 nectuntlis
661 2071 763 2138 moris
781 2069 933 2138 frustrari
953 2072 1166 2164 magistrum,
1184 2071 1299 2139 diutu-

260 2215 357 2308 leque
373 2241 433 2283 uee
449 2214 610 2282 disserere
626 2211 728 2299 vello,
746 2238 807 2281 nec
825 2213 980 2297 reddere3
998 2240 1102 2308 usque
1119 2215 1199 2284 <lum
1216 2219 1298 2284 Pro-

259 2380 391 2456 tagoras
411 2384 487 2428 eum
507 2359 548 2426 ad
568 2358 694 2450 judiees
714 2357 929 2452 provocavit,
949 2361 1161 2453 expositaque
1181 2365 1298 2430 condi·

258 2511 369 2593 tione,
395 2531 460 2600 qua
487 2504 674 2572 docendum
701 2518 889 2596 receperat,
916 2527 1035 2597 anceps
1062 2522 1298 2598 argumentum

259 2651 466 2719 ambifariam
483 2651 674 2743 proposuit.
701 2650 806 2728 Nam,
831 2650 899 2716 sive
922 2671 984 2742 ego
1013 2649 1139 2734 vicero,
1167 2651 1297 2743 inquit,

259 2791 387 2861 solvere
416 2785 600 2861 mercedem
629 2791 781 2877 debebis,
812 2785 854 2858 ut¹
873 2791 1112 2860 condemnatus
1130 2818 1147 2908 ⁸:
1174 2817 1232 2862 seu
1263 2809 1298 2863 tu

258 2939 391 3023 viceris,
410 2934 625 3005 nihilominus
643 2935 781 3004 reddere
798 2935 948 3042 debebis,
965 2953 1003 3005 ut
1021 2905 1298 3035 pactusssuippe

259 3086 315 3178 qui
341 3086 427 3155 hane
451 3086 591 3178 primam
613 3109 746 3152 causam
770 3109 881 3180 penes
893 3085 1026 3178 judices
1043 3089 1175 3160 viceris..
1192 3089 1243 3162 Ita
1269 3091 1297 3163 si

258 3237 378 3323 vincis,
398 3239 430 3303 iu
450 3235 674 3303 conditionem
695 3235 838 3302 incidisti
859 3262 866 3300 :
886 3237 912 3303 si
932 3237 1087 3321 vinceris,
1107 3238 1139 3304 ih
1152 3237 1297 3306 ‘damna-

256 3386 391 3454 tionem.
415 3385 504 3474 Quid
527 3375 671 3480 quaeris?
693 3387 792 3452 Ratio
814 3371 973 3454 conclusa
987 3386 1152 3478 judicibus
1174 3391 1296 3456 acriter

256 3548 290 3600 et
313 3528 547 3602 invincibiliter
572 3530 752 3598 videbatur.
776 3533 953 3600 Enimvero
976 3531 1157 3617 Euathlus,
1179 3549 1296 3628 utpote

256 3683 339 3750 tanti
361 3682 552 3750 veteratoris
575 3679 828 3772 perfectissimus
850 3679 1051 3773 discipulus,
1075 3661 1185 3776 biceps
1212 3680 1296 3752 illud

257 3845 488 3922 argumentum
508 3829 649 3897 retorsit.
675 3831 783 3916 Nam,
807 3831 841 3897 Si
858 3830 903 3898 ita
928 3845 995 3918 est,
1020 3831 1148 3925 iuquit,
1174 3847 1297 3902 neutro

138 4067 144 4083 Ι
256 3978 376 4064 ruodo,
400 3979 487 4073 quod
511 3980 613 4071 petis,
635 3977 750 4045 debeo.
778 3985 841 4046 hut
863 3981 951 4048 enim
976 3983 1091 4066 vineo,
1116 3997 1148 4050 et
1168 3983 1296 4074 judicio
