2790 4740
252 363 289 430 46
545 365 796 422 FLORIDORUM
817 366 929 422 LIBER
953 368 991 422 11.

252 489 287 556 id
310 490 390 576 aevi,
415 513 482 582 quo
505 487 695 582 Polycrates
720 492 840 558 Samon
866 491 1064 598 pptiehatur.
1089 491 1155 562 Sed
1182 493 1293 562 haud·

254 662 418 730 quaquam
442 635 660 731 philosophus
679 653 820 731 tyranno
844 635 983 708 dilectus
1007 655 1064 708 est.
1090 641 1227 734 Quippe
1252 667 1293 711 eo

254 781 463 851 commodum
481 782 644 851 dominari
663 807 758 867 orso,
780 782 928 876 profugit
949 807 987 850 ex
1007 782 1116 852 insula
1136 783 1293 853 clanculo

254 928 483 1020 Pythagoras,
513 943 605 1022 patre
633 927 833 996 Mnesarcho
864 907 971 1020 nupei
1002 927 1124 996 amisso
1153 954 1161 994 ε
1191 953 1292 1020 quem

255 1073 425 1163 comperio
451 1073 538 1139 inter
563 1069 743 1139 sellularios
769 1071 929 1157 artifices,
956 1071 1094 1165 gemmis
1116 1071 1296 1142 faberrime

255 1205 443 1305 sculpendis
476 1212 606 1281 laudem
628 1217 732 1308 magis
753 1238 851 1306 quam
875 1238 973 1306 opem
1001 1215 1166 1306 quaesisse.
1187 1217 1297 1300 Sunt,

258 1357 316 1448 qui
334 1357 557 1450 Pythagoram
577 1359 669 1424 aiant
688 1382 727 1425 eo
744 1357 903 1450 temporis
921 1358 1007 1425 inter
1025 1359 1174 1450 captivos
1193 1358 1298 1425 Cam-

256 1471 466 1592 bysaeregis‚
482 1503 662 1594 AEgyptum
682 1525 787 1593 quum
805 1499 1042 1586 adveheretur,
1061 1499 1215 1568 doctores
1234 1499 1299 1567 ha-

258 1645 369 1712 buisse
384 1635 562 1712 Persarum
578 1645 718 1736 Magos,
738 1669 776 1710 ac
799 1645 964 1736 praecipue
986 1648 1205 1730 Zoroastren,
1226 1667 1302 1711 otn-

261 1789 312 1855 nis
330 1787 435 1854 divini
453 1789 563 1856 arcani
588 1788 797 1854 antistitem:
819 1801 996 1880 posteaque
1018 1812 1092 1854 eum
1115 1813 1133 1854 a
1154 1785 1302 1878 quodam

262 1935 353 2006 Gillo
366 1939 635 2006 Crotoniensium
649 1937 801 2030 principe
813 1936 1044 2027 reciperatum.
1060 1917 1184 2003 Verum
1192 1937 1304 2016 enim-

207 2139 220 2154 ,
261 2101 340 2146 vero
362 2075 522 2168 celebrior
543 2078 629 2144 fama
649 2078 795 2164 obtinet,
816 2091 932 2169 sponte
955 2102 1031 2144 eum
1054 2078 1175 2169 petisse
1193 2102 1304 2171 aegyp

262 2221 323 2288 tias
338 2218 548 2311 disciplinas,
564 2235 663 2310 atque
679 2221 723 2288 ibi
741 2244 758 2286 a
775 2218 1018 2304 sacerdotibus,
1033 2219 1300 2287 caerimoniarum

264 2360 483 2432 incredundas
510 2364 695 2457 potentias,
720 2387 937 2432 numerorum
962 2363 1171 2430 admirandas
1199 2365 1305 2452 vices,

263 2508 450 2602 geometriae
469 2505 707 2594 sollertissimas
728 2505 1058 2576 formulasdidicisse
1076 2533 1084 2576 :
1101 2507 1159 2575 sed
1177 2533 1237 2578 uec
1255 2511 1308 2578 his

268 2652 394 2720 artibus
422 2652 529 2735 animi·
554 2647 742 2740 expletum,
772 2673 846 2716 mox
877 2649 1072 2735 Chaldaeos,
1101 2664 1201 2742 atque
1230 2651 1310 2720 inde

267 2801 487 2878 Brachmanas
503 2825 510 2865 :
525 2823 641 2880 eorum
656 2823 735 2890 ergo
752 2797 994 2864 Brachmanum
1007 2799 1310 2891 Gymnosophistas

267 2945 384 3014 adisse.
407 2941 553 3012 Chaldaei
576 2941 750 3010 sideralem
771 2944 964 3022 scientiam,
985 2946 1159 3013 numinum
1180 2970 1308 3040 vagan-

266 3093 350 3158 tium
370 3104 473 3156 statos
493 3088 655 3172 ambitus,
675 3111 857 3178 eorumque
876 3087 983 3156 varios
1000 3088 1142 3166 effectus¹
1154 3091 1189 3157 in
1210 3095 1307 3183 geni-

266 3236 350 3301 turis
377 3233 548 3300 hominum
576 3230 748 3298 ostendere
772 3257 778 3296 :
802 3255 862 3298 noc
888 3257 955 3299 non
982 3233 1134 3320 medendi
1160 3235 1307 3304 remedia

266 3379 481 3465 mortalibus,
505 3376 578 3446 latis
599 3381 766 3472 pecuniis,
789 3393 874 3446 terra
895 3379 1042 3472 coeloque
1065 3397 1098 3450 et
1118 3386 1202 3450 mari
1224 3409 1308 3452 con·

267 3532 398 3624 quisita.
428 3527 642 3596 Brachmanae
670 3543 781 3595 autem
811 3525 967 3620 pleraque
992 3529 1209 3623 philosophiae
1234 3534 1309 3624 ejus

266 3678 480 3748 contulerunt
501 3701 508 3742 :
527 3699 600 3768 quae
618 3675 778 3741 mentium
797 3659 1017 3758 documenta,
1035 3703 1109 3770 quae
1127 3661 1309 3771 corporum

266 3827 540 3910 exercitamenta,
558 3837 638 3915 quot
658 3837 766 3914 partes
785 3823 903 3910 animi,
921 3841 1003 3916 quot
1022 3829 1107 3918 vices
1124 3829 1215 3911 vitae,
1233 3855 1308 3922 quae

267 3968 328 4036 diis
353 3967 504 4034 manibus
527 3988 589 4056 pro
612 3955 731 4029 rneiito
750 3987 810 4029 suo
828 3966 947 4056 cuique
968 3979 1131 4034 tormenta
1152 3967 1202 4034 vel
1222 3994 1307 4061 prae-
