2790 4740
275 401 313 456 62
570 399 825 456 anlnonutt
844 399 957 455 LIBER
979 399 1031 455 ΠΙ.

276 524 451 619 paululum
478 525 665 594 demutabit
691 524 793 610 liber,
818 549 918 619 quem
947 525 1122 594 Strabonis
1149 525 1321 595 AEmiliani

276 668 569 738 excellentissimus
596 669 707 738 bonor
732 668 879 764 flagitat3
904 692 1003 762 quem
1028 667 1151 737 librum
1177 669 1320 762 sperabo

276 837 330 880 me
350 811 523 881 commode
545 835 641 906 posse
661 813 888 900 conscribere,
908 813 936 882 si
952 814 1070 881 iseum
1090 811 1190 882 bodie
1209 813 1319 882 vobis-

275 981 350 1025 cum
367 957 528 1050 probarit.
545 960 605 1026 Est
619 957 708 1024 enim
724 958 758 1024 in
774 954 892 1024 studiis
905 971 1034 1043 tantus,
1050 970 1088 1028 ut
1102 955 1319 1050 praenobilior

276 1104 319 1172 sit
334 1100 471 1196 proprio
488 1102 640 1196 ingenio,
658 1126 758 1194 quam
774 1102 916 1194 patricio
931 1098 1118 1169 consulatu.

323 1273 534 1386 Quibusnam
561 1297 671 1364 verbis
696 1295 778 1381 tibi,
802 1293 976 1364 AEmiliane
1001 1296 1144 1378 Strabo,
1168 1297 1220 1363 vir
1247 1321 1320 1365 om·

154 1506 156 1510 ,
275 1444 387 1529 nium,
404 1443 463 1536 qui
482 1466 629 1534 unquam
646 1440 798 1528 filerunt,
817 1456 875 1532 aut
893 1455 988 1521 sunt,
1007 1455 1065 1508 aut
1081 1441 1181 1508 etiam
1197 1457 1319 1527 erunt,

275 1590 362 1655 inter
382 1587 527 1681 optimos
548 1585 746 1671 clarissime,
771 1601 805 1654 et
830 1587 918 1654 inter
944 1583 1141 1654 clarissimos
1167 1585 1318 1677 optime,

275 1735 364 1800 inter
386 1747 547 1824 utrosque
569 1729 773 1818 doctissinre;
795 1731 917 1824 quibus
939 1729 1073 1798 tandem
1097 1728 1227 1812 verbis,
1254 1753 1317 1824 pro

157 1921 161 1928 ,
275 1879 340 1946 boc
357 1892 415 1945 tuo
432 1900 511 1971 erga
528 1899 582 1943 me
597 1877 726 1962 animo,
745 1877 867 1974 gratias
888 1865 1038 1942 habitum
1057 1889 1091 1941 et
1111 1897 1316 1942 commemo-

275 2033 384 2088 ratum
398 2044 487 2106 eam,
503 2043 570 2113 qna
584 1987 685 2111 iligna
699 2019 829 2087 ratione
845 2032 913 2085 tam
929 2015 1147 2086 honorificam
1161 2017 1315 2110 benigni-

275 2179 376 2233 tatem
398 2179 488 2232 tuam
510 2163 689 2251 celebrem,
708 2185 774 2256 qua
795 2164 1064 2232 remuneratione
1085 2159 1216 2232 dicendi
1241 2161 1314 2258 glo-

273 2310 357 2378 riam
381 2310 429 2376 tui
452 2307 530 2376 facti
551 2311 768 2403 aequiparem,
790 2307 940 2376 nondum
957 2304 1067 2374 hercle
1083 2307 1225 2398 reperio.
1246 2306 1314 2376 Sed

274 2477 418 2547 quaeram
434 2450 566 2539 sedulo,
582 2467 614 2520 et
630 2454 797 2534 conabar,

349 2675 428 2729 Dum
445 2693 555 2730 memor
572 2674 632 2746 ipse
652 2674 724 2742 mei,
744 2674 811 2728 dum
832 2675 947 2747 spiritus
962 2675 1015 2730 hos
1034 2685 1114 2749 reget
1126 2685 1210 2730 artus.

273 2871 359 2940 Nam
375 2894 465 2939 uunc
479 2870 766 2963 inpresentiarum
780 2869 906 2964 (neque
921 2851 1213 2974 enimdiffitebor)
1228 2871 1313 2948 laeti·

271 3017 317 3082 tia
340 3012 501 3082 facundiae
524 3005 713 3108 obstrepit:
736 3030 769 3082 et
793 3015 952 3108 cogitatio
974 2999 1145 3109 voluptate
1163 3017 1311 3111 impedi·

268 3173 344 3241 tur,
365 3181 403 3226 ac
424 3181 516 3226 mens
537 3173 697 3253 occupata
718 3156 957 3248 delectatione,
979 3158 1107 3228 mavult
1126 3161 1311 3254 inpraesen-

270 3305 391 3370 tiarum
412 3301 572 3397 gaudere,
592 3328 692 3396 quam
713 3303 900 3396 praedicare.
923 3304 1016 3394 Quid
1035 3304 1178 3374 faciam?
1199 3275 1311 3401 Cupio

268 3462 382 3540 gratus
401 3445 533 3530 videri:
552 3447 608 3517 sed
627 3474 694 3544 prae
711 3449 834 3544 gaudio
848 3450 1000 3526 noudum
1019 3451 1103 3519 mibi
1118 3468 1215 3522 vacat
1232 3479 1310 3548 gra·

268 3592 331 3662 tias
346 3584 455 3686 agere.
475 3593 584 3661 Nemo
602 3618 670 3679 me,
691 3618 791 3662 uento
809 3620 849 3664 ex
867 3594 931 3664 illis
950 3596 1151 3666 tristioribus
1163 3595 1253 3666 ¹velit
1272 3600 1306 3666 in

269 3736 332 3802 isto
344 3736 549 3828 vituperare,
563 3735 653 3828 quod
667 3737 829 3806 bonorem
844 3763 954 3807 mcum
970 3765 1037 3808 tlon
1053 3741 1163 3810 minus
1175 3765 1306 3826 vereor,

265 3902 366 3970 quam
381 3879 528 3975 intelligo
544 3907 552 3950 :
566 3881 656 3973 quod
672 3880 844 3952 clarissimi
859 3899 892 3954 et
906 3885 1120 3956 eruditissimi
1133 3889 1194 3956 viri
1211 3902 1304 3960 tanto

265 4025 455 4094 testimonio
476 4027 622 4116 exsult03
643 4028 766 4122 quippe
783 4027 1011 4102 testimouium
1032 4033 1113 4102 mibi
1133 4034 1303 4128 perhibuit
1383 4023 1384 4078 3
