<?xml version="1.0" encoding="UTF-8"?>
<!DOCTYPE html PUBLIC "-//W3C//DTD XHTML 1.0 Transitional//EN"
    "http://www.w3.org/TR/xhtml1/DTD/xhtml1-transitional.dtd">
<html xmlns="http://www.w3.org/1999/xhtml" xml:lang="en" lang="en">
 <head>
  <title>
</title>
<meta http-equiv="Content-Type" content="text/html;charset=utf-8" />
  <meta name='ocr-system' content='tesseract 3.04.00' />
  <meta name='ocr-capabilities' content='ocr_page ocr_carea ocr_par ocr_line ocrx_word'/>
</head>
<body>
  <div class='ocr_page' id='page_1' title='image "apule01apulgoog_0054.png"; bbox 0 0 2790 4740; ppageno 0'>
   <div class='ocr_carea' id='block_1_1' title="bbox 251 398 987 459">
    <p class='ocr_par' dir='ltr' id='par_1_1' title="bbox 251 398 987 459">
     <span class='ocr_line' id='line_1_1' title="bbox 251 398 987 459; baseline 0.005 -5"><span class='ocrx_word' id='word_1_1' title='bbox 251 398 287 454; x_wconf 80' lang='lat'>30</span> <span class='ocrx_word' id='word_1_2' title='bbox 537 399 794 458; x_wconf 76' lang='lat' dir='ltr'>Ftonlnouum</span> <span class='ocrx_word' id='word_1_3' title='bbox 815 401 929 458; x_wconf 75' lang='lat' dir='ltr'>LIBER</span> <span class='ocrx_word' id='word_1_4' title='bbox 950 405 987 459; x_wconf 91' lang='lat'>11.</span> 
     </span>
    </p>
   </div>
   <div class='ocr_carea' id='block_1_2' title="bbox 246 521 1279 602">
    <p class='ocr_par' dir='ltr' id='par_1_2' title="bbox 246 521 1279 602">
     <span class='ocr_line' id='line_1_2' title="bbox 246 521 1279 602; baseline 0.01 -10"><span class='ocrx_word' id='word_1_5' title='bbox 246 521 356 592; x_wconf 86' lang='lat' dir='ltr'>balnei</span> <span class='ocrx_word' id='word_1_6' title='bbox 374 523 527 594; x_wconf 81' lang='lat' dir='ltr'><strong>utensilia</strong></span> <span class='ocrx_word' id='word_1_7' title='bbox 541 523 700 596; x_wconf 89' lang='lat' dir='ltr'>nundinis</span> <span class='ocrx_word' id='word_1_8' title='bbox 716 528 864 595; x_wconf 90' lang='lat' dir='ltr'>mercari.</span> <span class='ocrx_word' id='word_1_9' title='bbox 879 530 1038 598; x_wconf 89' lang='lat' dir='ltr'>Prorsum</span> <span class='ocrx_word' id='word_1_10' title='bbox 1054 531 1142 599; x_wconf 89' lang='lat' dir='ltr'>euim</span> <span class='ocrx_word' id='word_1_11' title='bbox 1160 555 1226 600; x_wconf 89' lang='lat' dir='ltr'>non</span> <span class='ocrx_word' id='word_1_12' title='bbox 1241 558 1279 602; x_wconf 93' lang='lat' dir='ltr'>eo</span> 
     </span>
    </p>
   </div>
   <div class='ocr_carea' id='block_1_3' title="bbox 245 665 1394 770">
    <p class='ocr_par' dir='ltr' id='par_1_3' title="bbox 245 665 1394 770">
     <span class='ocr_line' id='line_1_3' title="bbox 245 665 1394 770; baseline 0.01 -36"><span class='ocrx_word' id='word_1_13' title='bbox 245 665 387 754; x_wconf 87' lang='lat' dir='ltr'>infitias,</span> <span class='ocrx_word' id='word_1_14' title='bbox 412 692 471 736; x_wconf 87' lang='lat' dir='ltr'>uec</span> <span class='ocrx_word' id='word_1_15' title='bbox 495 666 608 752; x_wconf 89' lang='lat' dir='ltr'>radio,</span> <span class='ocrx_word' id='word_1_16' title='bbox 633 691 694 736; x_wconf 89' lang='lat' dir='ltr'>uec</span> <span class='ocrx_word' id='word_1_17' title='bbox 719 667 855 758; x_wconf 88' lang='lat' dir='ltr'>subula,</span> <span class='ocrx_word' id='word_1_18' title='bbox 877 695 937 740; x_wconf 90' lang='lat' dir='ltr'>nec</span> <span class='ocrx_word' id='word_1_19' title='bbox 958 669 1055 759; x_wconf 87' lang='lat' dir='ltr'>lima,</span> <span class='ocrx_word' id='word_1_20' title='bbox 1078 698 1138 742; x_wconf 86' lang='lat' dir='ltr'>uec</span> <span class='ocrx_word' id='word_1_21' title='bbox 1163 689 1279 766; x_wconf 85' lang='lat' dir='ltr'>torno,</span> <span class='ocrx_word' id='word_1_22' title='bbox 1393 729 1394 770; x_wconf 76' lang='lat'>,</span> 
     </span>
    </p>
   </div>
   <div class='ocr_carea' id='block_1_4' title="bbox 245 793 1394 912">
    <p class='ocr_par' dir='ltr' id='par_1_4' title="bbox 245 793 1394 912">
     <span class='ocr_line' id='line_1_4' title="bbox 245 793 1394 912; baseline 0.009 -32"><span class='ocrx_word' id='word_1_23' title='bbox 245 836 308 880; x_wconf 90' lang='lat' dir='ltr'>nec</span> <span class='ocrx_word' id='word_1_24' title='bbox 325 810 365 896; x_wconf 84' lang='lat' dir='ltr'>¹id</span> <span class='ocrx_word' id='word_1_25' title='bbox 388 835 492 906; x_wconf 85' lang='lat' dir='ltr'>genus</span> <span class='ocrx_word' id='word_1_26' title='bbox 513 810 721 900; x_wconf 69' lang='lat' dir='ltr'>ferramentis</span> <span class='ocrx_word' id='word_1_27' title='bbox 743 813 792 881; x_wconf 87' lang='lat' dir='ltr'>uti</span> <span class='ocrx_word' id='word_1_28' title='bbox 816 837 912 882; x_wconf 88' lang='lat' dir='ltr'>nosse</span> <span class='ocrx_word' id='word_1_29' title='bbox 936 839 944 882; x_wconf 74' lang='grc' dir='ltr'><em>τ</em></span> <span class='ocrx_word' id='word_1_30' title='bbox 967 814 1024 884; x_wconf 89' lang='lat' dir='ltr'>sed</span> <span class='ocrx_word' id='word_1_31' title='bbox 1046 841 1108 910; x_wconf 90' lang='lat' dir='ltr'>pro</span> <span class='ocrx_word' id='word_1_32' title='bbox 1127 817 1179 886; x_wconf 93' lang='lat' dir='ltr'>his</span> <span class='ocrx_word' id='word_1_33' title='bbox 1198 844 1278 912; x_wconf 83' lang='lat' dir='ltr'>prae·</span> <span class='ocrx_word' id='word_1_34' title='bbox 1393 793 1394 836; x_wconf 28' lang='grc' dir='ltr'>ἰ</span> 
     </span>
    </p>
   </div>
   <div class='ocr_carea' id='block_1_5' title="bbox 241 953 1280 1777">
    <p class='ocr_par' dir='ltr' id='par_1_5' title="bbox 241 953 1280 1777">
     <span class='ocr_line' id='line_1_5' title="bbox 243 953 1279 1050; baseline 0.008 -26"><span class='ocrx_word' id='word_1_35' title='bbox 243 971 359 1050; x_wconf 87' lang='lat' dir='ltr'>optare</span> <span class='ocrx_word' id='word_1_36' title='bbox 389 979 442 1024; x_wconf 89' lang='lat' dir='ltr'>me</span> <span class='ocrx_word' id='word_1_37' title='bbox 471 953 597 1041; x_wconf 78' lang='lat' dir='ltr'>fateor,</span> <span class='ocrx_word' id='word_1_38' title='bbox 625 979 692 1028; x_wconf 90' lang='lat' dir='ltr'>uuo</span> <span class='ocrx_word' id='word_1_39' title='bbox 720 955 885 1026; x_wconf 88' lang='lat' dir='ltr'>chartario</span> <span class='ocrx_word' id='word_1_40' title='bbox 911 957 1038 1028; x_wconf 87' lang='lat' dir='ltr'>calamo</span> <span class='ocrx_word' id='word_1_41' title='bbox 1066 984 1119 1028; x_wconf 88' lang='lat' dir='ltr'>me</span> <span class='ocrx_word' id='word_1_42' title='bbox 1148 960 1279 1032; x_wconf 86' lang='lat' dir='ltr'>reficere</span> 
     </span>
     <span class='ocr_line' id='line_1_6' title="bbox 244 1100 1278 1196; baseline 0.009 -29"><span class='ocrx_word' id='word_1_43' title='bbox 244 1115 395 1194; x_wconf 77' lang='lat' dir='ltr'><strong>poemata</strong></span> <span class='ocrx_word' id='word_1_44' title='bbox 421 1122 520 1168; x_wconf 85' lang='lat' dir='ltr'>omne</span> <span class='ocrx_word' id='word_1_45' title='bbox 546 1122 672 1193; x_wconf 84' lang='lat' dir='ltr'>genus,</span> <span class='ocrx_word' id='word_1_46' title='bbox 698 1114 775 1192; x_wconf 90' lang='lat' dir='ltr'>apta</span> <span class='ocrx_word' id='word_1_47' title='bbox 805 1101 927 1196; x_wconf 84' lang='lat' dir='ltr'>virgae,</span> <span class='ocrx_word' id='word_1_48' title='bbox 955 1100 1052 1196; x_wconf 84' lang='lat' dir='ltr'>lyrae,</span> <span class='ocrx_word' id='word_1_49' title='bbox 1080 1130 1196 1194; x_wconf 88' lang='lat' dir='ltr'>socco,</span> <span class='ocrx_word' id='word_1_50' title='bbox 1223 1133 1278 1176; x_wconf 88' lang='lat' dir='ltr'>co·</span> 
     </span>
     <span class='ocr_line' id='line_1_7' title="bbox 241 1241 1278 1339; baseline 0.008 -26"><span class='ocrx_word' id='word_1_51' title='bbox 241 1245 366 1313; x_wconf 94' lang='lat' dir='ltr'>thurno</span> <span class='ocrx_word' id='word_1_52' title='bbox 384 1269 392 1311; x_wconf 92' lang='lat'>:</span> <span class='ocrx_word' id='word_1_53' title='bbox 411 1242 491 1324; x_wconf 85' lang='lat' dir='ltr'>item</span> <span class='ocrx_word' id='word_1_54' title='bbox 508 1257 649 1338; x_wconf 89' lang='lat' dir='ltr'>satyras,</span> <span class='ocrx_word' id='word_1_55' title='bbox 668 1267 707 1311; x_wconf 83' lang='lat' dir='ltr'>uc</span> <span class='ocrx_word' id='word_1_56' title='bbox 726 1244 885 1339; x_wconf 82' lang='lat' dir='ltr'><strong>griphos:</strong></span> <span class='ocrx_word' id='word_1_57' title='bbox 906 1241 984 1315; x_wconf 86' lang='lat' dir='ltr'>item</span> <span class='ocrx_word' id='word_1_58' title='bbox 1002 1248 1155 1316; x_wconf 80' lang='lat' dir='ltr'>historias</span> <span class='ocrx_word' id='word_1_59' title='bbox 1173 1253 1278 1321; x_wconf 87' lang='lat' dir='ltr'>varias</span> 
     </span>
     <span class='ocr_line' id='line_1_8' title="bbox 243 1347 1278 1480; baseline 0.005 -22"><span class='ocrx_word' id='word_1_60' title='bbox 243 1412 354 1458; x_wconf 89' lang='lat' dir='ltr'>rerum</span> <span class='ocrx_word' id='word_1_61' title='bbox 380 1412 387 1454; x_wconf 93' lang='lat'><strong>:</strong></span> <span class='ocrx_word' id='word_1_62' title='bbox 413 1411 473 1456; x_wconf 92' lang='lat' dir='ltr'>nec</span> <span class='ocrx_word' id='word_1_63' title='bbox 496 1412 565 1456; x_wconf 90' lang='lat' dir='ltr'>non</span> <span class='ocrx_word' id='word_1_64' title='bbox 587 1347 755 1457; x_wconf 81' lang='lat' dir='ltr'>orationes</span> <span class='ocrx_word' id='word_1_65' title='bbox 780 1386 929 1458; x_wconf 85' lang='lat' dir='ltr'>laudatas</span> <span class='ocrx_word' id='word_1_66' title='bbox 953 1388 1103 1480; x_wconf 79' lang='lat' dir='ltr'>disertis,</span> <span class='ocrx_word' id='word_1_67' title='bbox 1126 1417 1187 1462; x_wconf 89' lang='lat' dir='ltr'>nec</span> <span class='ocrx_word' id='word_1_68' title='bbox 1211 1419 1278 1464; x_wconf 90' lang='lat' dir='ltr'>non</span> 
     </span>
     <span class='ocr_line' id='line_1_9' title="bbox 242 1527 1280 1630; baseline 0.006 -30"><span class='ocrx_word' id='word_1_69' title='bbox 242 1531 391 1628; x_wconf 85' lang='lat' dir='ltr'>dialogos</span> <span class='ocrx_word' id='word_1_70' title='bbox 413 1527 565 1601; x_wconf 85' lang='lat' dir='ltr'>laudatos</span> <span class='ocrx_word' id='word_1_71' title='bbox 586 1530 811 1626; x_wconf 89' lang='lat' dir='ltr'>philosophis,</span> <span class='ocrx_word' id='word_1_72' title='bbox 835 1547 934 1626; x_wconf 90' lang='lat' dir='ltr'>atque</span> <span class='ocrx_word' id='word_1_73' title='bbox 958 1534 1028 1603; x_wconf 84' lang='lat' dir='ltr'>haeo</span> <span class='ocrx_word' id='word_1_74' title='bbox 1049 1549 1082 1604; x_wconf 91' lang='lat' dir='ltr'>et</span> <span class='ocrx_word' id='word_1_75' title='bbox 1104 1533 1169 1605; x_wconf 89' lang='lat' dir='ltr'>alia</span> <span class='ocrx_word' id='word_1_76' title='bbox 1193 1537 1280 1630; x_wconf 87' lang='lat' dir='ltr'>ejus-</span> 
     </span>
     <span class='ocr_line' id='line_1_10' title="bbox 243 1676 1277 1777; baseline 0.007 -33"><span class='ocrx_word' id='word_1_77' title='bbox 243 1676 318 1744; x_wconf 90' lang='lat' dir='ltr'>dem</span> <span class='ocrx_word' id='word_1_78' title='bbox 339 1676 429 1746; x_wconf 92' lang='lat' dir='ltr'>modi</span> <span class='ocrx_word' id='word_1_79' title='bbox 450 1690 518 1744; x_wconf 90' lang='lat' dir='ltr'>tam</span> <span class='ocrx_word' id='word_1_80' title='bbox 540 1700 661 1771; x_wconf 82' lang='lat' dir='ltr'>graeca,</span> <span class='ocrx_word' id='word_1_81' title='bbox 682 1701 780 1770; x_wconf 83' lang='lat' dir='ltr'>quam</span> <span class='ocrx_word' id='word_1_82' title='bbox 801 1676 921 1765; x_wconf 82' lang='lat' dir='ltr'>latina,</span> <span class='ocrx_word' id='word_1_83' title='bbox 940 1681 1074 1773; x_wconf 85' lang='lat' dir='ltr'>gemino</span> <span class='ocrx_word' id='word_1_84' title='bbox 1094 1696 1188 1770; x_wconf 91' lang='lat' dir='ltr'>voto,</span> <span class='ocrx_word' id='word_1_85' title='bbox 1207 1686 1277 1777; x_wconf 88' lang='lat' dir='ltr'>pari</span> 
     </span>
    </p>
   </div>
   <div class='ocr_carea' id='block_1_6' title="bbox 237 1818 596 1903">
    <p class='ocr_par' dir='ltr' id='par_1_6' title="bbox 237 1818 596 1903">
     <span class='ocr_line' id='line_1_11' title="bbox 237 1818 596 1903; baseline 0 -13"><span class='ocrx_word' id='word_1_86' title='bbox 237 1820 367 1903; x_wconf 90' lang='lat' dir='ltr'>studio,</span> <span class='ocrx_word' id='word_1_87' title='bbox 389 1818 487 1889; x_wconf 91' lang='lat' dir='ltr'>simili</span> <span class='ocrx_word' id='word_1_88' title='bbox 512 1818 596 1890; x_wconf 91' lang='lat' dir='ltr'>stilo.</span> 
     </span>
    </p>
   </div>
   <div class='ocr_carea' id='block_1_7' title="bbox 242 2164 1279 2666">
    <p class='ocr_par' dir='ltr' id='par_1_7' title="bbox 242 2164 1279 2666">
     <span class='ocr_line' id='line_1_12' title="bbox 295 2164 1279 2260; baseline 0.004 -26"><span class='ocrx_word' id='word_1_89' title='bbox 295 2167 380 2254; x_wconf 86' lang='lat' dir='ltr'>Quae</span> <span class='ocrx_word' id='word_1_90' title='bbox 410 2167 537 2240; x_wconf 88' lang='lat' dir='ltr'>utinam</span> <span class='ocrx_word' id='word_1_91' title='bbox 570 2187 700 2257; x_wconf 89' lang='lat' dir='ltr'>possem</span> <span class='ocrx_word' id='word_1_92' title='bbox 729 2164 882 2258; x_wconf 86' lang='lat' dir='ltr'>equidem</span> <span class='ocrx_word' id='word_1_93' title='bbox 915 2188 982 2234; x_wconf 90' lang='lat' dir='ltr'>nou</span> <span class='ocrx_word' id='word_1_94' title='bbox 1014 2165 1206 2260; x_wconf 79' lang='lat' dir='ltr'>singillatim</span> <span class='ocrx_word' id='word_1_95' title='bbox 1239 2193 1279 2238; x_wconf 92' lang='lat' dir='ltr'>ac</span> 
     </span>
     <span class='ocr_line' id='line_1_13' title="bbox 242 2305 1277 2403; baseline 0.003 -26"><span class='ocrx_word' id='word_1_96' title='bbox 242 2309 429 2393; x_wconf 83' lang='lat' dir='ltr'>discretim,</span> <span class='ocrx_word' id='word_1_97' title='bbox 460 2305 518 2376; x_wconf 88' lang='lat' dir='ltr'>sed</span> <span class='ocrx_word' id='word_1_98' title='bbox 549 2308 696 2375; x_wconf 87' lang='lat' dir='ltr'>cunctim</span> <span class='ocrx_word' id='word_1_99' title='bbox 721 2322 755 2374; x_wconf 88' lang='lat' dir='ltr'>et</span> <span class='ocrx_word' id='word_1_100' title='bbox 782 2307 999 2378; x_wconf 85' lang='lat' dir='ltr'>coacervatim</span> <span class='ocrx_word' id='word_1_101' title='bbox 1029 2308 1106 2394; x_wconf 87' lang='lat' dir='ltr'>tibi,</span> <span class='ocrx_word' id='word_1_102' title='bbox 1131 2334 1277 2403; x_wconf 91' lang='lat' dir='ltr'>procon-</span> 
     </span>
     <span class='ocr_line' id='line_1_14' title="bbox 243 2448 1278 2544; baseline 0.001 -22"><span class='ocrx_word' id='word_1_103' title='bbox 243 2451 310 2542; x_wconf 91' lang='lat' dir='ltr'>sul,</span> <span class='ocrx_word' id='word_1_104' title='bbox 327 2453 377 2521; x_wconf 90' lang='lat' dir='ltr'>vir</span> <span class='ocrx_word' id='word_1_105' title='bbox 394 2453 535 2544; x_wconf 86' lang='lat' dir='ltr'>optime,</span> <span class='ocrx_word' id='word_1_106' title='bbox 557 2448 691 2537; x_wconf 79' lang='lat' dir='ltr'>ollcrre3</span> <span class='ocrx_word' id='word_1_107' title='bbox 710 2474 748 2519; x_wconf 92' lang='lat' dir='ltr'>ac</span> <span class='ocrx_word' id='word_1_108' title='bbox 773 2449 974 2543; x_wconf 85' lang='lat' dir='ltr'>praedioabili</span> <span class='ocrx_word' id='word_1_109' title='bbox 999 2451 1188 2522; x_wconf 88' lang='lat' dir='ltr'>testimonio</span> <span class='ocrx_word' id='word_1_110' title='bbox 1216 2469 1278 2523; x_wconf 87' lang='lat' dir='ltr'>tuo</span> 
     </span>
     <span class='ocr_line' id='line_1_15' title="bbox 243 2591 1279 2666; baseline 0 0"><span class='ocrx_word' id='word_1_111' title='bbox 243 2597 286 2666; x_wconf 88' lang='lat' dir='ltr'>ad</span> <span class='ocrx_word' id='word_1_112' title='bbox 323 2621 456 2666; x_wconf 88' lang='lat' dir='ltr'>omnem</span> <span class='ocrx_word' id='word_1_113' title='bbox 497 2608 644 2663; x_wconf 88' lang='lat' dir='ltr'>nostram</span> <span class='ocrx_word' id='word_1_114' title='bbox 682 2591 874 2663; x_wconf 85' lang='lat' dir='ltr'>Camoenam</span> <span class='ocrx_word' id='word_1_115' title='bbox 911 2591 995 2662; x_wconf 81' lang='lat' dir='ltr'>frui!</span> <span class='ocrx_word' id='word_1_116' title='bbox 1035 2619 1102 2663; x_wconf 92' lang='lat' dir='ltr'>uon</span> <span class='ocrx_word' id='word_1_117' title='bbox 1141 2595 1279 2666; x_wconf 84' lang='lat' dir='ltr'>hercule</span> 
     </span>
    </p>
   </div>
   <div class='ocr_carea' id='block_1_8' title="bbox 242 2732 1280 2868">
    <p class='ocr_par' dir='ltr' id='par_1_8' title="bbox 242 2732 1280 2868">
     <span class='ocr_line' id='line_1_16' title="bbox 242 2732 1280 2868; baseline 0.001 -60"><span class='ocrx_word' id='word_1_118' title='bbox 242 2741 383 2836; x_wconf 89' lang='lat' dir='ltr'>penuria</span> <span class='ocrx_word' id='word_1_119' title='bbox 412 2735 538 2868; x_wconf 74' lang='lat' dir='ltr'>lpudis,</span> <span class='ocrx_word' id='word_1_120' title='bbox 565 2762 638 2832; x_wconf 81' lang='lat' dir='ltr'>quae</span> <span class='ocrx_word' id='word_1_121' title='bbox 665 2732 746 2807; x_wconf 91' lang='lat' dir='ltr'>mihi</span> <span class='ocrx_word' id='word_1_122' title='bbox 776 2737 903 2807; x_wconf 90' lang='lat' dir='ltr'>dudum</span> <span class='ocrx_word' id='word_1_123' title='bbox 933 2739 1062 2832; x_wconf 84' lang='lat' dir='ltr'>integra</span> <span class='ocrx_word' id='word_1_124' title='bbox 1090 2756 1123 2809; x_wconf 89' lang='lat' dir='ltr'>et</span> <span class='ocrx_word' id='word_1_125' title='bbox 1154 2741 1280 2810; x_wconf 87' lang='lat' dir='ltr'>florens</span> 
     </span>
    </p>
   </div>
   <div class='ocr_carea' id='block_1_9' title="bbox 244 2881 1393 2980">
    <p class='ocr_par' dir='ltr' id='par_1_9' title="bbox 244 2881 1393 2980">
     <span class='ocr_line' id='line_1_17' title="bbox 244 2881 1393 2980; baseline 0.002 -28"><span class='ocrx_word' id='word_1_126' title='bbox 244 2909 304 2980; x_wconf 90' lang='lat' dir='ltr'>per</span> <span class='ocrx_word' id='word_1_127' title='bbox 324 2907 438 2952; x_wconf 89' lang='lat' dir='ltr'>omnes</span> <span class='ocrx_word' id='word_1_128' title='bbox 460 2896 683 2951; x_wconf 82' lang='lat' dir='ltr'>antecessores</span> <span class='ocrx_word' id='word_1_129' title='bbox 709 2898 784 2951; x_wconf 92' lang='lat' dir='ltr'>tuos</span> <span class='ocrx_word' id='word_1_130' title='bbox 812 2881 854 2950; x_wconf 88' lang='lat' dir='ltr'>ad</span> <span class='ocrx_word' id='word_1_131' title='bbox 880 2896 913 2951; x_wconf 88' lang='lat' dir='ltr'>te</span> <span class='ocrx_word' id='word_1_132' title='bbox 940 2897 1103 2952; x_wconf 82' lang='lat' dir='ltr'>reservato</span> <span class='ocrx_word' id='word_1_133' title='bbox 1127 2899 1194 2972; x_wconf 90' lang='lat' dir='ltr'>est;</span> <span class='ocrx_word' id='word_1_134' title='bbox 1218 2885 1279 2954; x_wconf 88' lang='lat' dir='ltr'>sed</span> <span class='ocrx_word' id='word_1_135' title='bbox 1392 2907 1393 2926; x_wconf 64' lang='lat'>¹</span> 
     </span>
    </p>
   </div>
   <div class='ocr_carea' id='block_1_10' title="bbox 240 3024 1393 3123">
    <p class='ocr_par' dir='ltr' id='par_1_10' title="bbox 240 3024 1393 3123">
     <span class='ocr_line' id='line_1_18' title="bbox 240 3024 1393 3123; baseline 0.001 -26"><span class='ocrx_word' id='word_1_136' title='bbox 240 3029 397 3122; x_wconf 86' lang='lat' dir='ltr'>quoniam</span> <span class='ocrx_word' id='word_1_137' title='bbox 423 3024 506 3094; x_wconf 91' lang='lat' dir='ltr'>nulli</span> <span class='ocrx_word' id='word_1_138' title='bbox 531 3049 583 3094; x_wconf 90' lang='lat' dir='ltr'>me</span> <span class='ocrx_word' id='word_1_139' title='bbox 606 3026 829 3119; x_wconf 89' lang='lat' dir='ltr'>probatiorem</span> <span class='ocrx_word' id='word_1_140' title='bbox 850 3024 944 3114; x_wconf 89' lang='lat' dir='ltr'>volo,</span> <span class='ocrx_word' id='word_1_141' title='bbox 965 3051 1065 3120; x_wconf 88' lang='lat' dir='ltr'>quam</span> <span class='ocrx_word' id='word_1_142' title='bbox 1088 3051 1187 3120; x_wconf 89' lang='lat' dir='ltr'>quem</span> <span class='ocrx_word' id='word_1_143' title='bbox 1206 3031 1281 3123; x_wconf 89' lang='lat' dir='ltr'>ipse</span> <span class='ocrx_word' id='word_1_144' title='bbox 1392 3039 1393 3058; x_wconf 67' lang='lat'>¹</span> 
     </span>
    </p>
   </div>
   <div class='ocr_carea' id='block_1_11' title="bbox 234 3168 1283 3844">
    <p class='ocr_par' dir='ltr' id='par_1_11' title="bbox 234 3168 1283 3844">
     <span class='ocr_line' id='line_1_19' title="bbox 239 3168 1280 3280; baseline 0.002 -40"><span class='ocrx_word' id='word_1_145' title='bbox 239 3186 317 3242; x_wconf 83' lang='lat' dir='ltr'>ante</span> <span class='ocrx_word' id='word_1_146' title='bbox 339 3195 452 3239; x_wconf 91' lang='lat' dir='ltr'>omnes</span> <span class='ocrx_word' id='word_1_147' title='bbox 477 3170 596 3238; x_wconf 90' lang='lat' dir='ltr'>merito</span> <span class='ocrx_word' id='word_1_148' title='bbox 622 3169 737 3263; x_wconf 91' lang='lat' dir='ltr'>probo.</span> <span class='ocrx_word' id='word_1_149' title='bbox 762 3170 859 3237; x_wconf 91' lang='lat' dir='ltr'>Enim</span> <span class='ocrx_word' id='word_1_150' title='bbox 886 3171 933 3280; x_wconf 85' lang='lat' dir='ltr'>sic</span> <span class='ocrx_word' id='word_1_151' title='bbox 960 3168 1079 3240; x_wconf 84' lang='lat' dir='ltr'>natura</span> <span class='ocrx_word' id='word_1_152' title='bbox 1096 3195 1280 3266; x_wconf 87' lang='lat' dir='ltr'>compara·</span> 
     </span>
     <span class='ocr_line' id='line_1_20' title="bbox 239 3283 1283 3410; baseline -0.001 -25"><span class='ocrx_word' id='word_1_153' title='bbox 239 3283 311 3385; x_wconf 88' lang='lat' dir='ltr'>tum</span> <span class='ocrx_word' id='word_1_154' title='bbox 338 3330 407 3401; x_wconf 87' lang='lat' dir='ltr'>est,</span> <span class='ocrx_word' id='word_1_155' title='bbox 429 3329 467 3383; x_wconf 94' lang='lat' dir='ltr'>ut</span> <span class='ocrx_word' id='word_1_156' title='bbox 495 3338 593 3400; x_wconf 90' lang='lat' dir='ltr'>eum,</span> <span class='ocrx_word' id='word_1_157' title='bbox 613 3337 710 3408; x_wconf 90' lang='lat' dir='ltr'>quem</span> <span class='ocrx_word' id='word_1_158' title='bbox 741 3310 875 3400; x_wconf 87' lang='lat' dir='ltr'>laudes,</span> <span class='ocrx_word' id='word_1_159' title='bbox 896 3315 994 3383; x_wconf 84' lang='lat' dir='ltr'>etiarn</span> <span class='ocrx_word' id='word_1_160' title='bbox 1026 3339 1116 3384; x_wconf 83' lang='lat' dir='ltr'>ames</span> <span class='ocrx_word' id='word_1_161' title='bbox 1139 3342 1147 3382; x_wconf 93' lang='lat'>:</span> <span class='ocrx_word' id='word_1_162' title='bbox 1171 3304 1283 3410; x_wconf 88' lang='lat' dir='ltr'>porro</span> 
     </span>
     <span class='ocr_line' id='line_1_21' title="bbox 238 3455 1279 3555; baseline 0.001 -26"><span class='ocrx_word' id='word_1_163' title='bbox 238 3485 337 3555; x_wconf 88' lang='lat' dir='ltr'>quern</span> <span class='ocrx_word' id='word_1_164' title='bbox 361 3485 469 3547; x_wconf 90' lang='lat' dir='ltr'>ames,</span> <span class='ocrx_word' id='word_1_165' title='bbox 491 3460 589 3528; x_wconf 85' lang='lat' dir='ltr'>etiarn</span> <span class='ocrx_word' id='word_1_166' title='bbox 615 3456 741 3527; x_wconf 88' lang='lat' dir='ltr'>laudari</span> <span class='ocrx_word' id='word_1_167' title='bbox 764 3472 797 3527; x_wconf 88' lang='lat' dir='ltr'>te</span> <span class='ocrx_word' id='word_1_168' title='bbox 818 3456 860 3525; x_wconf 90' lang='lat' dir='ltr'>ab</span> <span class='ocrx_word' id='word_1_169' title='bbox 881 3455 939 3526; x_wconf 93' lang='lat' dir='ltr'>illo</span> <span class='ocrx_word' id='word_1_170' title='bbox 962 3456 1052 3526; x_wconf 87' lang='lat' dir='ltr'>velis.</span> <span class='ocrx_word' id='word_1_171' title='bbox 1077 3459 1187 3553; x_wconf 77' lang='lat' dir='ltr'>Atque</span> <span class='ocrx_word' id='word_1_172' title='bbox 1210 3484 1279 3553; x_wconf 85' lang='lat' dir='ltr'>ego</span> 
     </span>
     <span class='ocr_line' id='line_1_22' title="bbox 237 3599 1281 3696; baseline 0 -26"><span class='ocrx_word' id='word_1_173' title='bbox 237 3627 291 3671; x_wconf 89' lang='lat' dir='ltr'>mc</span> <span class='ocrx_word' id='word_1_174' title='bbox 308 3601 503 3672; x_wconf 89' lang='lat' dir='ltr'>dilectorem</span> <span class='ocrx_word' id='word_1_175' title='bbox 521 3616 616 3670; x_wconf 92' lang='lat' dir='ltr'>tuum</span> <span class='ocrx_word' id='word_1_176' title='bbox 635 3600 792 3696; x_wconf 87' lang='lat' dir='ltr'>profiteor</span> <span class='ocrx_word' id='word_1_177' title='bbox 810 3625 819 3669; x_wconf 77' lang='grc' dir='ltr'><strong><em>ε</em></strong></span> <span class='ocrx_word' id='word_1_178' title='bbox 838 3599 929 3670; x_wconf 88' lang='lat' dir='ltr'>nulla</span> <span class='ocrx_word' id='word_1_179' title='bbox 947 3602 1008 3670; x_wconf 92' lang='lat' dir='ltr'>tibi</span> <span class='ocrx_word' id='word_1_180' title='bbox 1024 3601 1197 3696; x_wconf 89' lang='lat' dir='ltr'>privatim,</span> <span class='ocrx_word' id='word_1_181' title='bbox 1216 3603 1281 3670; x_wconf 89' lang='lat' dir='ltr'>sed</span> 
     </span>
     <span class='ocr_line' id='line_1_23' title="bbox 234 3745 1280 3844; baseline -0.001 -27"><span class='ocrx_word' id='word_1_182' title='bbox 234 3751 328 3817; x_wconf 91' lang='lat' dir='ltr'>omni</span> <span class='ocrx_word' id='word_1_183' title='bbox 359 3745 539 3842; x_wconf 84' lang='lat' dir='ltr'>publicitus</span> <span class='ocrx_word' id='word_1_184' title='bbox 566 3749 672 3844; x_wconf 84' lang='lat' dir='ltr'>gratia</span> <span class='ocrx_word' id='word_1_185' title='bbox 699 3747 889 3817; x_wconf 87' lang='lat' dir='ltr'>obstrictus.</span> <span class='ocrx_word' id='word_1_186' title='bbox 917 3745 1009 3818; x_wconf 89' lang='lat' dir='ltr'>Nihil</span> <span class='ocrx_word' id='word_1_187' title='bbox 1040 3749 1163 3842; x_wconf 91' lang='lat' dir='ltr'>quippe</span> <span class='ocrx_word' id='word_1_188' title='bbox 1193 3773 1213 3816; x_wconf 89' lang='lat' dir='ltr'>a</span> <span class='ocrx_word' id='word_1_189' title='bbox 1243 3763 1280 3816; x_wconf 89' lang='lat' dir='ltr'>te</span> 
     </span>
    </p>
   </div>
   <div class='ocr_carea' id='block_1_12' title="bbox 233 3888 1279 3988">
    <p class='ocr_par' dir='ltr' id='par_1_12' title="bbox 233 3888 1279 3988">
     <span class='ocr_line' id='line_1_24' title="bbox 233 3888 1279 3988; baseline -0.001 -27"><span class='ocrx_word' id='word_1_190' title='bbox 233 3896 428 3988; x_wconf 87' lang='lat' dir='ltr'>impetravi,</span> <span class='ocrx_word' id='word_1_191' title='bbox 450 3894 526 3988; x_wconf 90' lang='lat' dir='ltr'>quia</span> <span class='ocrx_word' id='word_1_192' title='bbox 548 3917 611 3960; x_wconf 90' lang='lat' dir='ltr'>neo</span> <span class='ocrx_word' id='word_1_193' title='bbox 629 3888 806 3986; x_wconf 86' lang='lat' dir='ltr'>postulavi.</span> <span class='ocrx_word' id='word_1_194' title='bbox 827 3891 891 3962; x_wconf 89' lang='lat' dir='ltr'>Sed</span> <span class='ocrx_word' id='word_1_195' title='bbox 910 3890 1119 3986; x_wconf 89' lang='lat' dir='ltr'>philosophia</span> <span class='ocrx_word' id='word_1_196' title='bbox 1139 3917 1191 3962; x_wconf 89' lang='lat' dir='ltr'>me</span> <span class='ocrx_word' id='word_1_197' title='bbox 1210 3893 1279 3961; x_wconf 94' lang='lat' dir='ltr'>do·</span> 
     </span>
    </p>
   </div>
   <div class='ocr_carea' id='block_1_13' title="bbox 230 4033 1392 4124">
    <p class='ocr_par' dir='ltr' id='par_1_13' title="bbox 230 4033 1392 4124">
     <span class='ocr_line' id='line_1_25' title="bbox 230 4033 1392 4124; baseline -0.002 -19"><span class='ocrx_word' id='word_1_198' title='bbox 230 4038 300 4108; x_wconf 89' lang='lat' dir='ltr'>cuit</span> <span class='ocrx_word' id='word_1_199' title='bbox 325 4061 391 4106; x_wconf 88' lang='lat' dir='ltr'>non</span> <span class='ocrx_word' id='word_1_200' title='bbox 420 4051 552 4107; x_wconf 83' lang='lat' dir='ltr'>tantum</span> <span class='ocrx_word' id='word_1_201' title='bbox 574 4034 770 4124; x_wconf 84' lang='lat' dir='ltr'>beneficium</span> <span class='ocrx_word' id='word_1_202' title='bbox 792 4059 922 4120; x_wconf 87' lang='lat' dir='ltr'>amare,</span> <span class='ocrx_word' id='word_1_203' title='bbox 944 4033 1000 4104; x_wconf 88' lang='lat' dir='ltr'>sed</span> <span class='ocrx_word' id='word_1_204' title='bbox 1022 4037 1123 4105; x_wconf 88' lang='lat' dir='ltr'>etiam</span> <span class='ocrx_word' id='word_1_205' title='bbox 1144 4033 1280 4104; x_wconf 84' lang='lat' dir='ltr'>nralefi·</span> <span class='ocrx_word' id='word_1_206' title='bbox 1391 4091 1392 4110; x_wconf 51' lang='lat'>2</span> 
     </span>
    </p>
   </div>
   <div class='ocr_carea' id='block_1_14' title="bbox 0 0 1400 4740">
    <p class='ocr_par' dir='ltr' id='par_1_14' title="bbox 0 0 1400 4740">
     <span class='ocr_line' id='line_1_26' title="bbox 0 0 1400 4740; baseline 0 1"><span class='ocrx_word' id='word_1_207' title='bbox 0 0 1400 4740; x_wconf 95' lang='lat' dir='ltr'> </span> 
     </span>
    </p>
   </div>
  </div>
 </body>
</html>
