2790 4740
265 413 302 464 70
555 395 812 450 FLORIDORUM
832 389 943 448 LIBER
965 393 1014 448 ΙΙΙ.

265 546 367 614 penes
387 527 510 590 amicos
531 535 606 590 tuos
626 523 779 614 quaesisse
802 543 873 608 me,
897 535 968 589 tute
992 522 1062 614 ipse
1089 515 1312 612 locupletissi-

268 691 340 734 mus
358 667 449 735 testis
468 690 502 733 cs
522 691 529 732 :
550 680 671 733 utnon
692 666 802 732 minus
824 663 915 731 vobis
938 663 1081 731 amicitia
1102 686 1176 730 mea
1199 689 1313 758 capes-

267 809 366 880 senda
384 810 445 898 sit,
462 834 560 904 quam
580 810 661 877 mihi
680 824 789 879 vestra
807 823 854 878 est
872 805 1145 905 concupiscenda.

316 1086 451 1181 Quippe
477 1107 543 1154 uon
570 1101 702 1181 promte
726 1087 857 1154 veniam
883 1088 1055 1181 impertire
1080 1099 1232 1158 rarenter
1260 1086 1315 1154 ad·

162 1267 165 1272 ·
267 1227 384 1316 eundi,
397 1229 620 1299 assiduitatem
635 1230 707 1322 ejus
720 1231 918 1323 requirentis
931 1247 998 1300 est:
1013 1235 1253 1325 summumque
1267 1257 1316 1300 ar-

268 1376 1316 1470 gumentumamoris,frequentibusdelectari‚cessantibusob

268 1523 383 1609 irasci,
398 1537 665 1616 perseverantem
680 1520 864 1606 celebrare,
879 1521 1084 1596 desinentem
1099 1520 1314 1590 desiderare:

269 1669 429 1760 quoniam
446 1691 579 1736 necesse
593 1682 642 1736 est
657 1667 804 1759 ejusdem
821 1691 911 1752 esse,
927 1668 1021 1761 cujus
1037 1681 1136 1762 angat
1151 1667 1316 1735 absentia.

271 1815 430 1882 Ceterum
456 1837 518 1880 vox
546 1809 692 1880 cohibita
719 1809 839 1880 silentii
867 1813 993 1905 perpeti
1021 1837 1083 1880 usu
1112 1836 1182 1880 non
1210 1813 1317 1907 tnagis

264 1959 414 2052 juverit,
436 1982 537 2052 quam
561 1981 658 2026 nares
682 1955 862 2060 gravedine
884 1954 1046 2054 oppletae,
1071 1980 1167 2026 aures
1195 1959 1317 2050 spiritu

272 2099 451 2181 obseratae,
472 2097 561 2168 oculi
585 2098 741 2194 albugine
764 2099 913 2174 obducti.
937 2099 1029 2189 Quid
1053 2099 1080 2166 si
1101 2122 1223 2166 manus
1246 2123 1315 2167 ma·

274 2243 357 2314 nicis
376 2243 644 2338 restringantur?
663 2242 743 2338 quid
765 2245 791 2311 si
813 2242 914 2338 pedes
935 2243 1059 2337 pedicis
1081 2245 1318 2316 coarctentur?

270 2389 340 2482 jam
359 2403 469 2458 rector
489 2388 594 2458 nostri
614 2389 744 2457 animus
762 2404 821 2457 aut
840 2413 958 2457 somno
976 2386 1140 2470 solvatur,
1160 2404 1221 2457 aut
1241 2393 1317 2460 vino

274 2551 461 2630 mergatur,
482 2549 540 2604 aut
566 2535 684 2606 morbo
710 2533 906 2629 sepeliatur?
930 2535 1101 2622 Profecto,
1122 2551 1159 2604 ut
1184 2535 1315 2630 gladius

275 2706 338 2748 usu
366 2679 582 2774 splendescit,
604 2682 668 2748 situ
694 2679 885 2778 rubiginat,
907 2681 953 2747 ita
983 2705 1047 2748 vox
1066 2682 1100 2748 in
1131 2683 1254 2776 vagina
1281 2685 1321 2751 si·

276 2824 372 2896 lentii
403 2824 553 2910 condita,
580 2793 710 2892 diutino
745 2838 881 2916 torpore
909 2821 1101 2893 hebetatur.
1121 2829 1321 2896 Desuetudo

277 2971 432 3040 omnibus
456 2971 644 3064 pigritiam,
659 2959 804 3064 'pigritia
838 2985 1010 3037 veternum
1037 2972 1134 3066 parit.
1159 2975 1322 3068 Tragoedi

277 3116 359 3189 adeo
383 3116 418 3185 ni
438 3115 588 3207 quotidie
610 3112 835 3206 proclament,
856 3113 1020 3184 claritudo
1039 3117 1170 3185 arteriis
1190 3118 1323 3188 oboles·

172 3321 173 3325 ,
278 3265 334 3330 cit.
352 3263 460 3356 Igitur
479 3260 660 3328 identidem
681 3258 815 3330 boando
837 3276 983 3355 purgant
1005 3263 1118 3329 ravim.

329 3749 484 3815 Ceterum
517 3749 619 3839 ipsius
643 3750 732 3817 vocis
765 3749 908 3816 hominis
940 3747 1115 3818 exercendi
1137 3772 1251 3818 cassus
1276 3747 1322 3816 la·

281 3890 343 3957 bor
381 3913 626 3984 supervacaneo
664 3891 774 3960 8111le
804 3892 1013 3986 plurifariam
1043 3891 1230 3992 superatur.
1274 3896 1325 3964 Sl·

1377 4003 1378 4038 t

280 4033 415 4128 quidem
441 4061 521 4106 voce
547 4038 689 4108 hominis
713 4052 744 4105 et
770 4038 850 4107 tuba
876 4038 999 4108 rudore
1024 4041 1171 4127 torvior,
1196 4053 1231 4107 et
1255 4036 1324 4134 lym
1377 4057 1378 4126 ,
