2790 4740
270 429 284 488 t
357 409 359 418 ’
501 449 503 452 -
571 422 830 484 momontum
853 428 964 482 mum
985 431 1007 482 1.

266 566 358 620 catus
387 551 492 640 foret,
518 555 566 622 Ut
597 569 628 622 te
657 553 801 639 videam,
830 555 959 646 inquit,
987 550 1113 645 aliquid
1140 549 1306 644 eloquere.

268 691 399 762 Scilicet
422 697 574 763 Socrates
600 710 762 768 tacentem
792 696 961 763 hominem
990 720 1059 763 non
1083 691 1233 778 videbat;
1259 708 1309 760 et·

205 913 208 926 x
267 839 355 906 euim
376 839 618 926 arbitrabatur,
637 840 788 908 homines
805 863 873 906 nou
891 837 1083 922 oculorum,
1104 836 1161 904 sed
1186 838 1307 904 mentis

265 986 335 1053 acie
359 1000 393 1054 et
418 987 519 1053 animi
546 987 665 1054 obtutu
690 985 957 1055 considerandos.
985 986 1055 1056 Nec
1080 986 1141 1052 ista
1168 1009 1204 1050 re
1229 1007 1306 1051 cum

265 1129 420 1200 Plautino
437 1129 541 1198 milite
557 1132 779 1225 congruebat,
797 1134 854 1225 qui
871 1133 917 1198 ita
933 1132 980 1198 ait
999 1157 1006 1196 ε

342 1512 434 1568 Pluris
453 1523 496 1568 est
516 1513 641 1568 oculatus
661 1513 739 1567 testis
758 1531 845 1579 unus,
862 1529 945 1585 quam
962 1509 1047 1565 auriti
1064 1509 1170 1564 decem.

187 1677 189 1686 ’
262 1684 370 1748 lmmo
388 1681 558 1748 enimvero
576 1679 665 1748 bunc
683 1704 814 1748 versum
833 1676 889 1745 ille
906 1677 947 1745 ad
967 1675 1226 1746 examinandum
1246 1677 1307 1745 ho·

263 1829 368 1896 mines
385 1815 596 1897 converterat
615 1854 623 1896 :

340 2017 431 2072 Pluris
448 2028 489 2072 est
504 2017 611 2072 auritus
627 2017 705 2071 testis
719 2035 806 2083 unus,
828 2032 912 2088 quam
933 2015 1038 2070 oculati
1056 2014 1162 2069 decem.

261 2184 436 2267 Ceterum,
463 2183 489 2246 si
516 2181 619 2274 magis
645 2177 807 2273 pollerent
832 2177 1027 2265 oculorum,
1051 2203 1152 2271 quam
1179 2179 1303 2262 animi,

257 2322 402 2414 judicia;
416 2301 563 2416 profecto
577 2321 618 2389 de
632 2323 791 2415 sapientia
807 2321 891 2390 foret
908 2319 1303 2414 aquilae'concedendum.

261 2468 421 2536 Homines
446 2467 536 2568 enim
562 2491 669 2558 neque
696 2464 832 2559 longule
858 2466 995 2550 dissita,
1022 2490 1130 2559 neque
1155 2468 1306 2559 proxime

260 2609 364 2676 adsita
389 2635 562 2702 possumus
585 2634 720 2678 cernere
746 2635 753 2676 :
779 2633 894 2677 verum
919 2633 1034 2678 omnes
1056 2607 1306 2702 quodammodo

260 2753 470 2838 caecutimus3
491 2777 529 2820 ac
548 2754 575 2820 si
594 2752 637 2819 ad
654 2718 768 2820 oculos
786 2767 819 2820 et
838 2753 995 2820 obtutum
1015 2753 1115 2820 istum
1135 2767 1308 2821 terrenum

259 2898 391 2991 redigas
407 2913 440 2964 et
468 2897 645 2984 hebetem,
669 2897 816 2991 prolecto
843 2897 1011 2996 verissime
1033 2913 1132 2991 poeta
1151 2900 1305 2992 egregius

260 3044 364 3126 dixit,
397 3043 486 3111 velut
515 3041 671 3110 nebulam
702 3043 797 3110 nobis
827 3043 870 3109 ob
902 3040 1016 3110 oculos
1047 3041 1211 3132 offusam3
1242 3067 1306 3111 nec

259 3209 394 3254 cernere
419 3211 499 3273 nos,
524 3186 588 3252 nisi
613 3187 701 3252 iutra
725 3183 843 3279 lapidis
864 3187 1014 3278 jactum,
1039 3183 1157 3253 valere.
1184 3184 1306 3279 Aquila

259 3335 446 3418 enimvero,
466 3358 571 3427 quum
589 3359 623 3401 se
640 3333 779 3401 nubium
801 3347 897 3401 tenus
916 3331 1076 3402 altissime
1094 3331 1305 3419 sublimavit,

258 3491 371 3545 evecta
388 3473 469 3562 ali-s,
489 3493 597 3545 totum
617 3476 705 3544 istud
723 3479 886 3570 spatium,
907 3502 972 3570 qua
993 3477 1120 3572 pluitur
1139 3493 1173 3546 et
1191 3479 1304 3572 ningi-

258 3634 331 3706 tur,
356 3617 444 3688 ultra
462 3619 550 3713 quod
568 3645 726 3689 cacumen
751 3645 812 3688 uec
830 3619 959 3688 fulmini
986 3647 1047 3690 nec
1064 3621 1189 3714 fulguri
1208 3621 1303 3692 locus

258 3780 323 3852 est,
342 3767 376 3833 in
395 3768 485 3859 ipsc,
506 3781 542 3835 ut
560 3769 605 3834 ita
624 3765 780 3850 dixerim,
797 3765 867 3834 solo
885 3767 1015 3836 aetheris
1032 3753 1067 3836 et
1080 3768 1214 3863 fastigio
1231 3769 1303 3838 hie·

259 3912 319 3978 mis
341 3938 348 3978 :
369 3936 474 4003 quum
494 3914 596 4006 igitur
613 3936 653 3980 eo
673 3937 741 3980 sese
760 3911 872 4004 aquila
889 3911 1025 4000 extulit,
1045 3928 1129 3982 nutu
1147 3912 1312 3984 elementi

257 4057 431 4126 laevorsum
456 4057 507 4126 vel
533 4057 742 4126 dextrorsum
769 4073 838 4126 tota
866 4057 952 4126 mole
979 4061 1128 4151 corporis
1156 4057 1301 4144 labitur,
1391 4083 1392 4096 ¹
