2790 4740
253 379 1289 446 mmmmmhmwmmm

600 601 954 842 Arnnnn

468 1011 1090 1140 FLORIDORUM
1191 1035 1196 1047 ’

656 1361 807 1428 LIBER
837 1359 900 1427 IV.

715 1641 850 1662 ..ι-...-

179 1899 186 1909 ¹
257 1873 384 1940 XVIII.
413 1811 551 1942 Tanna
577 1869 758 1941 multitudo
784 1873 827 1942 ad
853 1871 1056 1944 audiendum
1078 1875 1301 1961 convenistis,

259 2030 298 2083 ut
317 2017 428 2109 potius
446 2015 604 2112 gratulari
623 2018 819 2113 Carthagini
837 2018 992 2102 debeam,
1013 2018 1103 2110 quod
1124 2032 1191 2090 tam
1212 2017 1300 2088 mul·

258 2173 310 2227 tos
326 2158 522 2229 eruditionis
539 2162 664 2230 amicos
680 2161 797 2248 habet,
815 2185 913 2256 quam
932 2187 1103 2247 excusare,
1119 2162 1210 2256 quod
1230 2165 1302 2259 phi·

259 2301 418 2399 losophus
440 2330 506 2374 non
533 2308 755 2376 recusaverim
777 2305 962 2376 dissertare.
985 2309 1071 2377 Nam
1091 2322 1125 2376 et
1146 2333 1207 2401 pro
1230 2333 1301 2377 am-

260 2447 425 2545 plitudine
444 2452 587 2522 civitatis
607 2451 794 2548 frequentia
815 2450 976 2538 collecta,
997 2467 1031 2522 et
1051 2477 1113 2546 pro
1132 2455 1301 2548 magnitu-

260 2595 546 2689 dine‘frequentiae
561 2594 653 2665 locus
668 2594 814 2665 delectus
830 2611 892 2664 est.
908 2598 1070 2666 Praeterea
1085 2597 1120 2664 in
1134 2594 1302 2665 auditorio

258 2739 322 2806 hoc
344 2765 449 2834 genus
471 2741 613 2833 spectari
635 2739 751 2827 debet,
775 2765 842 2808 non
864 2741 1044 2834 pavimenti
1065 2743 1302 2828 marmoratio,

260 2907 319 2950 nec
340 2884 505 2976 prosceuii
525 2884 772 2972 contabulatio,
793 2907 852 2954 nec
872 2909 976 2954 scenae
994 2882 1199 2954 columnatio
1219 2911 1227 2952 :
1248 2884 1302 2954 sed

252 3051 321 3098 ‚nec
342 3027 527 3098 culminum
550 3029 748 3116 eminentia,
771 3053 832 3098 nec
853 3027 1062 3100 lacunarium
1084 3026 1302 3123 refulgentia,

259 3199 320 3244 nec
338 3173 488 3244 sedilium
508 3173 774 3246 circumferentia
793 3201 801 3244 :
820 3200 883 3244 nec
901 3175 991 3268 quod
1011 3136 1065 3246 hic'
1084 3175 1163 3245 alias
1181 3177 1302 3245 mimus

256 3319 499 3408 hallucinatur,
529 3321 698 3391 comoedus
728 3322 987 3410 sermocinatur,
1016 3320 1184 3418 tragoedus
1210 3324 1300 3393 roci-

257 3466 404 3549 feratur,
434 3466 615 3559 funerepus
636 3466 873 3560 periclitatur,
903 3443 1126 3562 praestigiator*
1149 3466 1301 3548 furatur,

204 3599 206 3603 ’
257 3608 375 3701 histrio
405 3607 641 3703 gesticulatur,
670 3610 840 3702 ceterique
870 3633 985 3678 omnes
1014 3608 1165 3678 ludiones
1192 3625 1302 3678 osten·

257 3769 330 3823 tant
348 3752 490 3848 populo,
510 3753 599 3847 quod
619 3755 781 3846 cujusque
799 3755 878 3822 artis
895 3768 964 3839 est;
983 3752 1041 3822 sed
1060 3754 1130 3822 istis
1148 3753 1302 3821 omnibus

256 3900 469 3994 supersessis,
490 3896 575 3968 nihil
596 3896 739 3992 amplius
759 3899 899 3991 spectari
921 3897 1038 3987 debet,
1061 3923 1159 3992 quam
1180 3923 1303 3968 conve·

256 4046 418 4114 aientium
436 4047 537 4133 ratio,
553 4062 586 4115 et
602 4044 743 4114 dicentis
759 4046 879 4113 oratio.
896 4046 1127 4140 Quapropter,
1145 4061 1182 4114 ut
1198 4063 1306 4140 poctae
