2790 4740
236 449 241 455 .
265 395 302 465 or,
550 384 804 457 rnonmonmt
825 401 936 458 monn
957 403 1008 458 111.

265 523 328 591 fuit
352 524 406 592 hio
430 523 624 610 Philemon,
651 525 765 594 mediae
789 525 959 595 comoediae
984 525 1145 617 scriptor;
1172 521 1302 592 fabulas

265 697 342 741 cum
369 672 556 742 Menandro
585 674 619 740 iu
648 697 778 742 scenam
808 671 965 755 dictavit,
992 672 1198 763 certavitque
1225 694 1303 738 cum

265 840 306 884 eo
326 840 334 883 :
356 815 494 884 sortasse
514 816 637 908 impar,
657 829 745 884 certe
764 811 912 884 aemulus.
933 817 1086 907 Namque
1103 836 1182 882 eum
1203 814 1302 880 etiam

265 960 382 1027 vicisse
398 982 644 1050 saepenumero,
662 954 763 1052 pudet
777 957 895 1026 dicore.
910 957 1069 1050 Reperias
1085 971 1196 1024 tamen
1211 954 1305 1050 apud

265 1106 375 1199 ipsum
396 1101 516 1171 multos
537 1100 641 1187 sales,
662 1117 859 1195 argumenta
877 1100 987 1196 lepide
1007 1101 1146 1186 inflexa,
1165 1114 1305 1194 agnatos

266 1247 376 1316 lucide
394 1245 596 1339 enplicatos,
615 1269 772 1339 personas
790 1246 890 1314 rebus
908 1258 1149 1338 competentes,
1167 1259 1305 1312 senten·

266 1393 329 1460 tias
359 1391 431 1459 vitae
457 1405 710 1486 congruentes:
733 1391 808 1482 joca
833 1413 901 1456 non
928 1389 1015 1458 infra
1041 1412 1194 1472 soccum,
1219 1390 1305 1458 seria

267 1563 333 1607 non
352 1536 512 1630 usquead
527 1536 741 1605 cothurnum.
756 1539 853 1604 Rarae
867 1534 956 1628 apud
971 1532 1066 1604 illum
1081 1534 1280 1630 corruptelae
1296 1563 1304 1604 :

267 1697 320 1764 et,
339 1684 387 1752 uti
407 1706 558 1767 errores,
576 1682 720 1750 concessi
739 1704 877 1749 amores.
897 1683 967 1750 Nec
985 1704 1025 1750 eo
1045 1683 1154 1750 minus
1173 1697 1208 1750 et
1226 1679 1306 1751 leno

269 1794 440 1921 perjurus,
464 1841 497 1894 et
520 1839 648 1893 amator
671 1823 833 1911 fervidus,
858 1838 891 1892 et
915 1821 1065 1893 servulus
1089 1823 1248 1909 callidus,
1274 1841 1308 1895 et

268 1969 557 2062 amicailludens,
577 1985 612 2040 at
631 1995 716 2040 uxor
735 1971 911 2055 inhibens,
931 1985 965 2040 et
982 1984 1090 2041 mater
1108 1937 1307 2065 indulgens,

269 2131 302 2186 et
328 2125 471 2210 patruus¹
489 2117 704 2210 objurgator,
727 2130 761 2184 et
783 2114 904 2185 sodalis
929 2115 1131 2211 opitulator,
1155 2129 1187 2184 et
1212 2117 1309 2194 miles

271 2257 441 2353 proeliator
456 2285 464 2326 :
481 2260 538 2328 scd
552 2276 584 2328 et
599 2263 735 2356 parasiti
749 2260 883 2349 edaces,
899 2276 933 2330 et
946 2276 1098 2358 parentes
1113 2275 1260 2349 tenaces,
1275 2276 1308 2331 et

271 2405 458 2476 meretrices
476 2429 644 2502 procaces.

320 3032 430 3100 Hisce
445 3031 597 3101 laudibus
620 3032 677 3101 diu
703 3033 737 3100 in
760 3046 832 3100 arte
854 3032 1035 3100 comoedica
1061 3029 1200 3115 nobilis,
1223 3029 1311 3099 sorte

272 3175 431 3244 recitabat
445 3190 573 3269 partem
587 3174 721 3263 fabulae,
736 3199 835 3268 quam
850 3201 964 3244 recens
980 3175 1112 3244 fecerat.
1125 3176 1309 3267 Quumque
1326 3170 1328 3173 ’

269 3321 392 3413 jamin
412 3320 511 3408 tertio
530 3333 627 3405 actu,
649 3317 738 3411 quod
757 3343 861 3414 genus
879 3321 913 3388 in
931 3318 1090 3387 comoedia
1111 3317 1181 3391 fieri
1200 3333 1309 3403 aurat,

269 3463 485 3558 jucundiores
501 3461 640 3532 affectus
657 3477 822 3550 moverct;
840 3463 947 3530 imber
965 3429 1137 3556 repentino
1156 3477 1308 3548 coortus,

273 3613 318 3678 ita
337 3623 375 3678 ut
393 3609 475 3678 mihi
494 3607 612 3678 advos
633 3609 723 3676 venit
741 3633 820 3677 usus
840 3609 1047 3700 nuperrime,
1067 3607 1193 3678 differri
1211 3609 1308 3678 audi-

274 3755 350 3822 torii
377 3769 499 3824 coetum
528 3769 561 3823 et
590 3754 768 3823 auditionis
797 3769 940 3848 coeptum
970 3755 1077 3849 coegit
1106 3780 1115 3821 z
1144 3746 1309 3848 reliquum

275 3912 405 3985 autem,
433 3898 822 3994 variispostulantibus,
850 3902 919 3968 sine
946 3900 1189 3968 intermissione
1215 3898 1309 3970 dein·

239 4115 241 4120 ,
274 4042 347 4135 cipe
374 4042 426 4110 die
452 4043 685 4138 perlectorum.
714 4045 875 4114 Postridie
903 4045 1004 4138 igitur
1028 4046 1173 4114 maximo
1198 4045 1307 4115 studio
