2790 4740
272 391 307 456 su
585 389 842 452 ruomoonou
854 353 976 450 'treta
995 393 1032 447 11.

271 515 418 584 vicibus?
434 515 515 606 quid
527 539 606 584 eum
621 515 716 583 aunis
732 515 905 602 brevibus,
920 531 954 585 et
971 517 1205 588 festinantibus
1220 543 1306 590 meo·

271 662 384 730 sibus?
402 665 433 730 Ο
453 644 575 730 celeres
595 661 761 730 bonorum
783 663 956 732 hominum
977 659 1062 732 dies!
1084 665 1305 758 Opraesidum

272 807 476 907 optimorum
501 805 603 874 citata
627 803 814 875 curricula!
840 810 913 878 Jam
940 821 993 895 te,
1019 809 1213 893 severiane,
1239 825 1307 880 tota

273 955 442 1048 provincia
463 953 697 1050 desideramus.
718 955 899 1033 Enimvero
918 955 1130 1024 Honorinum
1150 955 1307 1026 ethooos

272 1122 351 1167 suus
367 1096 409 1165 ad
426 1111 604 1190 praeturam
620 1111 738 1184 vocat,
755 1113 791 1176 et,
804 1097 899 1166 favor
912 1099 1082 1167 Caesarum
1099 1096 1142 1166 ad
1159 1097 1308 1168 consula-

272 1259 343 1311 tum
364 1242 505 1328 format,
527 1205 677 1310 etlamor
699 1256 813 1310 noster
836 1243 1123 1335 inpraesentiarum
1144 1257 1254 1329 tenet,
1277 1259 1310 1312 et

273 1411 346 1480 spes
362 1386 577 1481 Carthaginis
593 1387 629 1454 in
648 1385 799 1455 futurum
819 1388 960 1480 spondet
978 1414 985 1454 :
1008 1411 1077 1456 uno
1091 1386 1210 1456 solatio
1228 1387 1310 1488 freta

273 1528 414 1624 exempli
429 1533 495 1613 tui,
508 1531 597 1623 quod
613 1533 672 1623 qui
687 1529 815 1625 legatus
830 1533 987 1613 mittitur,
1004 1531 1183 1614 proconsul
1196 1531 1239 1600 ad
1251 1556 1311 1602 nos

274 1677 341 1744 cito
357 1699 549 1744 reversurus
566 1690 626 1742 est.

323 2222 365 2287 Χ,
392 2223 441 2276 Sol
458 2222 507 2296 qui
523 2213 672 2282 micantem
692 2223 815 2279 candido
836 2241 920 2286 curru
934 2235 1019 2298 atque
1035 2225 1113 2298 equis

395 2316 549 2372 Flammam
562 2315 653 2370 citatis
670 2315 781 2371 fervido
796 2315 893 2372 ardori
910 2316 1047 2390 explicas:

277 2731 421 2822 itemque
439 2727 575 2796 luminis
594 2727 667 2818 ejus
686 2726 782 2793 Luna
802 2720 981 2817 discipula,
999 2747 1058 2790 uec
1080 2747 1147 2790 non
1164 2722 1317 2818 quinque
1393 2737 1394 2756 ³

275 2839 394 2940 ceterae
421 2871 613 2964 vagantium
638 2882 816 2962 potestates
839 2894 846 2932 :
869 2867 959 2934 Jovis
984 2865 1149 2950 benefica,
1175 2865 1322 2934 Veneris
1393 2847 1394 2912 ἶ

274 2983 489 3109 voluptifica‚
509 3013 628 3106 pernix
646 3010 825 3095 Mercurii,
845 3009 1028 3102 perniciosa
1049 3009 1203 3094 Saturni,
1224 3009 1322 3075 Mar·

278 3161 319 3244 tis
344 3159 457 3251 ignita.
485 3158 571 3225 Sunt
590 3169 628 3222 ret
656 3152 726 3221 aliae
747 3152 865 3220 mediae
889 3149 989 3219 desim
1010 3127 1208 3243 potestates,
1235 3173 1325 3242 quas

278 3303 355 3371 licet
380 3303 525 3385 sentire,
549 3325 616 3367 non
642 3295 742 3365 datur
765 3319 901 3364 cernere
924 3321 931 3361 :
954 3309 992 3361 ut
1014 3291 1166 3376 Amoris;
1189 3307 1325 3360 cetero-

277 3473 420 3542 rumque
436 3446 471 3516 id
487 3469 608 3540 genus,
625 3465 769 3537 quorum
783 3441 890 3510 forma
908 3441 1091 3525 invisitata,
1107 3440 1157 3506 vis
1172 3440 1326 3533 cognita.

279 3596 363 3684 Quae
382 3593 461 3660 item
482 3591 516 3656 in
536 3589 652 3673 terris,
673 3601 841 3676 uteunque
860 3583 1076 3676 providentie
1096 3584 1183 3652 ratio
1203 3607 1329 3676 posce·

207 3735 209 3742 ’
237 3777 239 3782 ,
279 3739 356 3823 bat,
378 3735 456 3804 alibi
477 3733 643 3801 montium
663 3729 801 3797 vertices
826 3725 948 3794 arduos
971 3725 1107 3812 extulit3
1127 3723 1206 3794 alibi
1228 3751 1328 3795 cam-

281 3908 400 3978 porum
417 3882 572 3974 supinam
590 3872 762 3971 planitiem
778 3873 961 3965 coaequavit
981 3899 988 3939 ι
1009 3872 1087 3939 item
1104 3895 1178 3963 quae
1195 3871 1331 3966 ubique

280 4031 431 4100 distinxit
449 4027 599 4099 amnium
619 4019 758 4105 fluores,
778 4031 949 4112 pratorum
969 4016 1112 4103 virores3
1133 4017 1213 4088 item
1234 4017 1335 4086 dedit
