2764 4740
253 417 291 468 90
553 397 803 452 stomuonuu
824 395 933 452 moen
955 397 1004 474 ir.

250 519 358 605 lebat,
389 539 425 588 ut
453 523 511 615 qui
540 520 789 614 diligentissime
817 521 1090 588 animadverteret
1118 547 1283 589 seriarum

248 664 362 756 pulsus
385 663 588 768 inconditos,
611 665 660 730 vel
683 662 864 756 praeclaros.
891 668 922 732 ls
947 667 1048 758 igitur
1071 690 1176 756 quum
1194 666 1284 734 forte

248 813 282 880 in
301 814 465 881 civitatem
483 837 553 880 sese
570 815 746 906 reciperet,
764 828 797 883 et
813 838 888 882 rure
906 837 965 880 suo
982 815 1174 882 suburbano
1192 814 1284 882 redi·

248 975 314 1046 ret,
332 962 458 1053 aspexit
477 962 511 1026 in
527 961 693 1054 pomoeriis
709 961 851 1028 civitatis
869 959 967 1026 funus
984 961 1101 1053 ingens
1117 959 1282 1045 locatum,

248 1103 409 1196 plurimos
435 1087 584 1173 homiues
611 1107 737 1198 ingenti
767 1103 998 1191 multitudine,
1026 1107 1084 1198 qui
1110 1105 1283 1196 exsequias

247 1269 425 1338 venerant,
451 1256 662 1323 circumstare
688 1279 802 1322 omnes
828 1235 1034 1321 tristissimos¹
1053 1272 1085 1324 et
1107 1252 1282 1322 obsoletis·

247 1402 345 1468 simos
370 1403 500 1470 vestitu.
523 1403 664 1494 Propius
689 1403 842 1487 accessit,
866 1417 903 1468 ut
925 1402 1023 1470 etiam
1045 1417 1283 1494 cognosceret,
1302 1489 1304 1496 Ι
1363 1487 1369 1494 ι

248 1571 339 1615 more
356 1549 480 1640 ingenii
498 1549 654 1629 humani,
672 1551 823 1640 quisnam
841 1564 945 1633 esset;
964 1551 1119 1640 quoniam
1139 1573 1281 1641 percon·

249 1695 330 1759 tanti
353 1717 449 1759 nemo
468 1692 700 1785 responderat,
720 1719 761 1760 an
783 1719 861 1761 vero
879 1709 917 1762 ut
936 1696 1006 1786 ipse
1024 1693 1149 1785 aliquid
1169 1695 1204 1761 iu
1225 1692 1284 1762 illo

247 1864 285 1906 ex
312 1855 382 1905 arte
408 1838 677 1931 deprehenderet.
704 1827 801 1908 Certe
826 1840 957 1932 quidem
983 1841 1106 1932 jacenti
1133 1841 1284 1922 homini,

249 2007 287 2050 ae
303 2009 406 2076 prope
421 1983 570 2077 deposito
585 1983 687 2052 fatum
703 1984 849 2053 abstulit.
864 1989 936 2054 Jam
953 1987 1061 2053 miseri
1077 1983 1165 2054 illius
1178 2010 1284 2053 mem·

247 2127 306 2194 bra
329 2127 439 2194 omnia
463 2129 619 2194 aromatis
643 2152 832 2220 persperso,
852 2129 919 2221 jam
945 2154 981 2197 os
1005 2129 1108 2222 ipsius
1133 2130 1281 2223 unguine

248 2267 352 2337 odoro
369 2268 567 2355 delibutum,
580 2272 647 2363 jam
666 2297 740 2338 eum
758 2270 969 2363 pollinctum,
982 2273 1049 2364 jam
1066 2295 1169 2358 coerias
1182 2296 1280 2363 para-

249 2429 318 2482 tum
329 2413 584 2508 contemplatus,
597 2439 698 2506 quum
711 2414 958 2508 diligentissime
967 2412 1166 2508 quibusdam
1177 2417 1282 2508 siguis

182 2535 187 2548 ¹
236 2559 482 2628 animadvertit
506 2573 540 2627 et
563 2560 660 2627 etiam
686 2574 784 2650 atque
807 2560 904 2628 etiam
929 2561 1138 2651 pertractavit
1161 2583 1285 2651 corpus

248 2704 408 2786 hominis,
423 2704 550 2770 invenit
564 2705 596 2769 in
613 2702 671 2770 illo
685 2705 786 2770 vitam
803 2701 968 2770 latentem.
983 2703 1164 2772 Confestim
1177 2701 1284 2770 excla-

249 2848 369 2930 mavit,
394 2847 502 2914 vivere
525 2847 713 2933 homiuem;
739 2847 855 2943 procul
881 2872 960 2942 ergo
983 2848 1069 2916 faces
1092 2848 1285 2942 abigerent,

249 2989 364 3086 procul
383 2992 475 3085 ignes
491 2989 727 3074 amolirentur3
744 3015 863 3084 rogum
881 2990 1284 3076 demolir·entur„coenam

246 3135 380 3203 feralem
398 3160 416 3202 a
432 3133 560 3203 tumulo
577 3135 618 3202 ad
635 3159 781 3204 mensam
800 3135 970 3203 referrent.
987 3139 1141 3204 Murmur
1158 3138 1285 3204 interea

247 3299 421 3374 exortmn3
454 3284 573 3376 partim
606 3283 734 3350 medico
766 3283 965 3352 credendum
998 3259 1130 3372 dicere,
1162 3286 1283 3376 partim

247 3434 345 3501 etiam
367 3430 503 3500 irridere
523 3432 729 3500 medicinam.
752 3434 943 3519 Postremo,
966 3421 1161 3528 propinquis
1180 3434 1283 3502 etiam

248 3581 437 3650 homiuibus
464 3581 595 3666 invitis,
624 3580 757 3672 quodne
779 3583 848 3674 jam
874 3583 937 3676 ipsi
965 3581 1182 3650 hereditatem
1201 3605 1283 3648 ave-

247 3729 350 3810 bant,
376 3753 418 3796 an
444 3726 534 3820 quod
561 3726 669 3794 adhuc
696 3724 742 3793 illi
768 3725 865 3795 fidem
892 3752 960 3795 non
984 3727 1170 3814 habebant,
1195 3751 1283 3822 aegre

250 3893 357 3946 tamen
375 3901 413 3946 ac
428 3875 605 3944 difficulter
623 3874 827 3968 Asclepiades
842 3879 1031 3971 impetravit
1047 3878 1178 3945 brevem
1193 3902 1283 3945 mor·

247 4042 307 4122 tuo
330 4024 531 4098 dilationem.
557 4030 667 4118 Atque
691 4027 735 4092 ita
761 4023 971 4118 vispillonum
996 4027 1150 4094 manibus
1172 4040 1281 4094 extor-
