2790 4740
202 379 205 386 ’
280 420 319 458 ιο
581 407 839 464 snoulnonun
859 406 973 462 numu
993 407 1015 460 1.

279 554 415 600 morum
437 557 446 598 ε
469 528 574 600 altera
600 555 641 600 ex
663 530 807 600 aliorum
831 545 1023 618 contemtu,
1048 529 1153 599 altera
1182 554 1221 599 ex
1248 530 1318 600 sui?

280 675 368 744 Nam
384 670 495 741 viliter
510 675 721 766 semetipsum
740 672 866 759 coiere,
883 672 936 742 sui
953 687 1138 742 contemtus
1156 687 1207 741 est
1222 700 1231 743 ε
1248 672 1319 740 bar-

279 818 360 886 bare
375 817 458 886 aiios
476 819 647 905 insectari,
666 817 870 887 audientium
888 812 1085 885 contumelia
1102 831 1162 908 est.
1181 821 1317 886 Annon

280 985 441 1030 summam
463 959 698 1030 contumeliam
720 960 814 1030 vobis
836 961 999 1054 imponit,
1018 961 1076 1053 qui
1101 985 1161 1028 vos
1183 960 1319 1029 arbitra·

280 1118 335 1170 tur
353 1100 535 1172 maledictis
554 1105 673 1196 optimi
690 1104 851 1197 cujusque
870 1101 1036 1197 gaudere,
1056 1102 1114 1194 qui
1134 1125 1191 1169 vos
1213 1103 1319 1172 existi·

279 1261 347 1314 mat
364 1245 449 1314 mala
469 1262 502 1316 et
519 1241 637 1316 vitiosa
654 1248 754 1319 verba
774 1273 842 1316 non
859 1245 1063 1348 inteiligere3
1082 1259 1160 1333 aut,
1180 1247 1208 1314 si
1226 1243 1319 1316 intel-

281 1389 414 1486 ligatis,
435 1392 514 1461 boni
537 1391 733 1462 consulere?
753 1393 837 1478 Quis
861 1417 901 1459 cx
925 1385 1157 1482 rupiconibus,
1177 1386 1316 1481 bajulis,

281 1535 478 1605 tabernariis
494 1551 562 1604 tam
579 1534 689 1604 infans
702 1550 768 1623 est,
784 1549 839 1622 ut,
856 1535 883 1602 si
898 1531 1036 1627 pallium
1052 1501 1201 1626 accipere
1219 1531 1316 1619 velit,

280 1679 435 1749 disertius
452 1676 645 1748 maledicat?

328 2054 422 2120 VIII.
449 2052 510 2118 Hic
542 2050 630 2118 enim
659 2047 733 2142 pius
762 2049 825 2116 sibi
855 2046 975 2133 debet,
1003 2070 1103 2141 quarn
1135 2044 1317 2150 dignitati:

284 2218 483 2288 quamquam
509 2219 569 2262 nec
592 2195 662 2261 haec
686 2191 733 2262 itti
747 2193 800 2280 ¹sit
822 2217 897 2260 curn
918 2165 990 2261 aliis
1011 2193 1207 2287 promiscua.
1231 2193 1317 2260 Nam

282 2365 322 2408 ex
340 2339 522 2408 innumeris
536 2337 726 2406 hominibus
745 2339 841 2430 pauci
859 2351 1042 2423 senatores,
1055 2361 1095 2404 ex
1110 2336 1319 2405 senatoribus

281 2483 381 2577 pauci
399 2478 526 2551 nobiles
543 2505 677 2576 genere,
689 2495 722 2548 et
739 2505 778 2549 ex
794 2481 844 2549 his
859 2477 1087 2548 consularibus
1105 2480 1202 2572 pauci
1221 2478 1318 2564 boni,

280 2641 313 2695 et
330 2626 440 2694 adhuc
461 2650 501 2694 ex
522 2626 618 2694 bonis
637 2625 734 2717 pauci
755 2622 886 2692 eruditi.
902 2621 983 2707 Sed,
996 2636 1033 2690 ut
1047 2620 1164 2715 loquar
1186 2621 1226 2689 de
1246 2621 1320 2690 solo

282 2771 425 2851 honore,
447 2768 610 2838 nonlicet
635 2767 778 2860 insignia
795 2767 865 2858 ejus
890 2766 1011 2835 vestitu
1031 2763 1082 2834 vel
1101 2763 1247 2834 calceatu
1269 2780 1320 2834 te-

158 2951 164 2969 ·
282 2937 371 2981 mere
391 2937 561 3008 usurpare.

328 3179 387 3246 IX.
416 3174 527 3267 siqui
557 3172 642 3242 forte
666 3173 700 3241 in
730 3173 794 3240 hoc
820 3170 1044 3266 pulcherrimo
1072 3188 1156 3242 coetu
1182 3198 1222 3242 ex
1252 3173 1322 3243 illis

285 3319 485 3390 inrisoribus
508 3318 589 3386 meis
614 3317 779 3411 malignus
802 3316 912 3404 sedet,
932 3319 1111 3412 quoniam,
1133 3334 1170 3387 nt
1194 3321 1229 3386 in
1248 3345 1322 3389 ma·

282 3490 345 3560 gna
366 3465 518 3548 civitate,
538 3463 602 3531 hoc
626 3486 760 3555 quoque
784 3485 886 3556 genus
909 3462 1095 3549 invenitur,
1119 3463 1174 3555 qui
1199 3462 1323 3534 melio·

281 3635 332 3682 res
354 3606 687 3692 obtrectare'malint,
708 3631 808 3700 quam
833 3606 1022 3694 imitari,et
1038 3631 1181 3702 quorum
1203 3609 1325 3679 simili·

281 3753 430 3822 tudinem
450 3739 646 3845 desperent,
665 3775 779 3819 eorum
800 3749 958 3820 affectent
976 3745 1176 3820 simultatem
1197 3779 1205 3820 ε
1228 3753 1324 3822 scili·
1391 3773 1392 3840 ζ

281 3913 333 3970 cet
351 3913 403 3985 ut,
418 3897 476 3991 qui
494 3921 554 3966 suo
573 3897 709 3964 nomine
725 3895 856 3964 obscuri
873 3910 968 3980 sunt,
986 3921 1061 3965 meo
1081 3898 1322 3970 innotescant:
1391 3949 1392 3982 ff

282 4042 307 4111 si
329 4042 385 4135 qui
406 4037 507 4134 igitur
526 4066 566 4109 ex
586 4036 819 4108 iIIiinvedinis
838 4037 1104 4132 splendidissimo
1123 4041 1199 4109 huic
1219 4042 1323 4112 audi·
1391 4093 1392 4110 i
