2790 4740
262 403 298 462 ta
555 393 809 452 montuosum
831 397 942 452 LIBER
965 399 1002 454 11.

261 523 354 608 nire;
380 518 516 612 proinde
538 520 694 607 eluceret,
718 545 786 615 quo
811 522 936 592 liberet.
964 525 1070 592 Duxit
1094 527 1237 617 Cynicus
1262 527 1294 593 in

260 666 447 758 porticum3
473 665 617 754 ibidem,
643 668 677 773 ip
704 667 778 736 loco
803 667 942 754 celebri,
970 692 1103 752 coram,
1130 666 1203 736 luce
1228 668 1293 737 cla-

259 811 390 880 rissima
409 809 580 894 accubuit,
604 835 782 904 coramque
802 814 962 906 virginem
984 815 1221 898 imminuisset,
1241 805 1303 909 pa?

259 969 365 1022 ratam
388 954 460 1048 pari
480 957 686 1039 constantia,
715 955 750 1022 ni
783 959 873 1026 Zeno
896 957 1068 1050 procinctu
1090 954 1250 1049 palliastri
1277 985 1293 1026 a

261 1094 505 1168 circumstantie
524 1123 654 1167 coronae
677 1101 796 1180 obtutu
819 1101 1014 1194 magistrum
1037 1101 1070 1169 in
1093 1115 1218 1170 secreto
1237 1101 1293 1169 de·

258 1238 425 1313 fendisset.

304 1417 384 1523 'XV.
412 1457 526 1527 Samos
545 1459 653 1525 Icario
673 1459 706 1525 in
726 1460 809 1526 mari
830 1458 957 1526 modica
979 1455 1088 1526 insula
1108 1472 1176 1544 est,
1195 1457 1295 1526 exad-

260 1624 391 1668 versum
418 1600 556 1680 Mileto,
584 1601 627 1668 ad
653 1601 870 1671 Occidentem
897 1604 969 1695 ejus
995 1603 1078 1688 sita,
1106 1627 1166 1670 nec
1191 1602 1232 1670 ab
1258 1627 1295 1670 ea

261 1742 368 1813 multo
386 1744 493 1840 pelagi
512 1745 719 1839 dispescitur.
740 1747 916 1816 Utrumvis
937 1745 1116 1816 clementer
1133 1747 1295 1840 navigan·

260 1905 326 1958 tem
352 1888 420 1958 dies
448 1888 531 1957 alter
558 1893 593 1958 in
621 1905 719 1984 portu
749 1891 844 1960 sistit.
870 1895 959 1985 Ager
987 1890 1154 1959 frumento
1185 1892 1297 1985 piger,

261 2048 371 2101 aratro
402 2035 537 2120 irritus,
568 2033 753 2116 foecundior
782 2034 927 2120 oliveto,
959 2059 1018 2103 nec
1047 2035 1206 2122 vinitori,
1238 2061 1298 2104 nec

262 2175 374 2246 olitori
393 2177 564 2271 scalpitur.
585 2180 724 2246 Ruratio
745 2182 852 2248 omnis
872 2181 906 2248 in
928 2179 1058 2248 sarculo
1078 2195 1111 2247 et
1131 2176 1268 2248 surculo
1290 2208 1296 2248 :

262 2347 406 2414 quorum
434 2339 598 2417 proventu
627 2326 732 2415 magis
761 2315 930 2393 fructuosa
958 2323 1066 2393 insula
1093 2340 1166 2405 est,
1195 2350 1298 2417 quam

261 2465 428 2561 frugifera.
459 2470 615 2536 Ceterum
641 2481 675 2535 et
701 2464 817 2534 incolis
845 2466 1024 2558 frequens,
1050 2481 1082 2536 et
1111 2466 1301 2560 hospitibus

261 2611 437 2679 celebrata.
462 2611 752 2708 Oppidum-habet
772 2593 981 2704 nequaquam
1001 2635 1062 2703 pro
1082 2609 1187 2704 gloria
1209 2637 1217 2678 ε
1240 2611 1303 2679 sed

262 2757 353 2849 quod
383 2757 482 2826 fuisse
512 2755 680 2850 amplum,
711 2757 865 2824 semiruta
895 2755 1053 2823 moenium
1081 2753 1302 2825 multifariam

259 2900 415 2969 indicant.

310 3181 488 3260 Enimvero
519 3178 633 3247 lanum
667 3179 807 3246 lunonis
831 3179 1011 3271 antiquitus
1044 3177 1305 3272 famigeratum3

262 3323 295 3393 id
325 3323 438 3392 sanum
466 3322 611 3394 seeundo
628 3321 744 3408 litore,
763 3322 790 3390 si
819 3337 909 3392 recte
927 3321 1105 3404 recordor,
1132 3323 1220 3390 viam
1252 3324 1306 3391 vi·

259 3469 344 3562 giuti
376 3467 466 3534 haud
496 3465 638 3560 amplius
658 3466 772 3534 stadiis
796 3467 837 3532 ab
865 3464 989 3559 oppido
1009 3459 1112 3534 abest.¹
1154 3466 1205 3533 lbi
1238 3465 1306 3533 do·

261 3612 391 3680 narium
424 3610 493 3678 deae
527 3635 687 3703 perquam
722 3607 918 3703 opulentum
945 3635 953 3676 :
982 3606 1128 3702 plurima
1154 3608 1227 3675 auri
1271 3623 1309 3675 et

260 3757 390 3848 argenti
409 3753 514 3838 ratio,
537 3753 570 3820 in
590 3749 759 3838 lancibus,
780 3749 942 3848 speculis,
964 3749 1113 3844 poculis,
1134 3765 1167 3819 et
1186 3751 1308 3844 cujus·

260 3894 389 3964 cemodi
413 3893 620 3964 utensilibus.
644 3895 770 3986 Magna
792 3894 890 3961 etiam
914 3895 964 3960 vis
988 3895 1081 3976 reris,
1108 3893 1200 3961 vario
1227 3894 1309 3962 effi·

263 4042 372 4134 giatu,
390 4040 567 4107 veterrimo
581 4052 615 4106 et
629 4034 801 4129 spectabili
816 4062 927 4130 opere.
946 4036 1008 4105 Vel
1024 4037 1100 4106 inde
1115 4052 1191 4105 ante
1206 4061 1311 4105 aram
