2790 4740
281 413 316 468 ιδ
584 413 842 469 nomnoltunt
862 415 973 468 LIBER
993 416 1015 468 1.

325 534 390 603 Sed
403 535 596 628 cumprimis
610 531 791 604 Alexandri
804 533 887 603 illud
901 534 1111 630 molarum,
1128 536 1218 628 quod
1234 538 1320 603 ima·

277 681 389 774 ginem
407 703 521 764 suam,
541 703 609 771 qno
630 679 752 746 certior
772 680 911 772 posteris
931 679 1146 772 proderetur,
1167 679 1276 748 noluit
1299 705 1320 747 a

277 821 389 891 multis
418 821 602 892 artificibus
631 820 730 914 vulgo
758 823 1000 910 contaminari,
1027 823 1084 891 sed
1111 787 1212 892 edixit
1239 827 1318 892 uni·

279 991 373 1034 verso
391 966 465 1035 orbi
485 989 564 1047 suo,
586 965 719 1055 nequis
738 963 879 1058 effigiem
902 967 990 1060 regis
1013 980 1138 1034 temere
1156 967 1320 1036 assimila·

277 1125 328 1179 ret
347 1135 430 1193 aere,
451 1107 582 1193 colore,
602 1107 769 1177 calamina
789 1134 797 1176 :
819 1110 978 1202 qnippeni
1003 1106 1093 1178 solus
1117 1135 1191 1178 eam
1215 1110 1317 1204 Poly·

277 1253 381 1323 cletus
402 1277 467 1321 aere
489 1251 644 1339 duceret,
664 1250 754 1320 solus
773 1249 907 1346 Apelles
926 1250 1093 1322 coloribus
1112 1252 1316 1338 delinearet,

277 1397 366 1468 solus
386 1397 578 1493 Pyrgoteles
601 1395 771 1465 caelamine
793 1397 979 1466 excuderet.
1001 1403 1124 1468 Praeter
1143 1399 1203 1466 hos
1226 1414 1316 1485 tres,

279 1540 383 1611 multo
400 1540 622 1610 nobilissimos
644 1543 678 1609 in
696 1542 763 1608 suis
781 1539 950 1628 artificiis,
972 1543 1000 1610 si
1019 1543 1094 1635 quis
1116 1544 1241 1636 uspiam
1264 1570 1317 1612 re·

278 1688 443 1780 periretur
465 1683 550 1754 alius
570 1686 782 1754 sanctissimae
803 1658 939 1780 imagini
958 1689 1044 1781 regis
1061 1713 1180 1757 manus
1201 1689 1317 1758 admo·

278 1830 376 1915 litus,
395 1830 483 1897 haud
506 1853 599 1897 secus
622 1831 655 1896 in
678 1854 774 1915 eum,
797 1853 899 1922 quam
920 1831 953 1896 in
973 1827 1189 1926 sacrilegum,
1209 1831 1318 1900 vindi·

277 1989 421 2043 caturus.
442 1979 491 2044 Eo
508 1975 609 2067 igitur
627 1975 777 2041 omnium
795 1989 886 2042 metu
903 1974 1045 2058 factum,
1065 1974 1154 2044 solos
1172 1975 1316 2045 Alexan·

278 2117 337 2188 der
363 2133 400 2189 ut
426 2120 549 2210 ubique
572 2117 755 2210 imaginum
780 2143 859 2188 suus
885 2133 970 2188 esset
997 2145 1005 2187 ε
1031 2135 1134 2212 utque
1157 2121 1313 2190 omnibus

277 2263 415 2350 statuis,
436 2277 469 2330 et
492 2261 633 2349 tabulis,
654 2277 687 2332 et
708 2264 903 2331 toreumatis
929 2260 1016 2331 idem
1041 2265 1135 2357 vigor
1160 2265 1313 2332 acerrimi

276 2404 462 2484 bellatoris,
481 2406 567 2473 idem
587 2406 756 2500 ingenium
776 2407 909 2474 maximi
928 2407 1054 2493 herois,
1072 2406 1185 2491 cadem
1205 2407 1314 2476 forma

278 2549 391 2618 viridis
417 2549 584 2642 juventae,
609 2546 725 2616 eadem
753 2550 860 2642 gratia
886 2547 1029 2618 relicinae
1057 2549 1176 2618 frontis
1202 2569 1314 2620 cerne·

278 2706 379 2760 retur.

325 2870 427 2962 Quod
446 2873 573 2941 utinam
595 2873 667 2966 pari
689 2870 840 2966 exemplo
859 2872 1076 2968 philosophiae
1095 2876 1239 2945 edictum
1260 2901 1315 2945 va·

278 3018 379 3102 leret,
405 3041 447 3084 ne
472 3016 531 3108 qui
553 3017 730 3110 imaginem
756 3017 827 3110 ejus
855 3032 978 3086 temere
1006 3019 1200 3088 assimilaret
1226 3045 1234 3089 ε
1265 3022 1313 3089 uti

167 3181 173 3193 ·
278 3161 375 3254 pauci
396 3160 475 3227 boni
500 3158 662 3247 artifices,
685 3159 785 3228 iidem
811 3162 914 3253 probe
937 3157 1088 3250 eruditi,¹
1103 3165 1311 3233 omnifariam

277 3304 447 3398 sapientia
467 3302 614 3373 studium
637 3301 920 3397 contemplarent3
940 3331 1001 3374 nec
1027 3306 1143 3394 rudes,
1167 3310 1313 3394 sordidi,

277 3450 442 3545 imperiti,
459 3448 561 3545 pallio
577 3463 672 3518 tenus
689 3447 904 3544 philosophos
921 3452 1149 3542 imitarentur,
1168 3472 1202 3524 et
1219 3457 1313 3526 disci-

276 3592 402 3687 plinam
415 3591 558 3686 regalem
570 3644 579 3677 ,
591 3608 657 3661 tam
676 3591 717 3660 ad
735 3591 817 3660 bene
833 3593 1033 3684 dicendum,
1052 3622 1151 3690 quam
1169 3600 1210 3668 ad
1229 3603 1312 3670 bene

276 3738 455 3810 vivendum
478 3751 664 3830 repertam,
685 3735 771 3805 male
790 3736 930 3808 dicendo
951 3756 984 3808 et
1002 3741 1153 3810 similiter
1171 3745 1312 3815 vivendo

276 3878 563 3951 contaminarent!
595 3882 695 3968 Quod
724 3897 903 3977 utrumque
931 3884 1055 3956 scilicet
1071 3889 1228 3982 perfacile
1254 3908 1311 3961 est.
1375 3891 1376 3952 l

276 4026 360 4114 Quae
378 4026 466 4096 enim
488 4026 617 4097 facilior
638 4053 710 4114 res,
731 4053 832 4120 quam
857 4027 978 4125 linguae
1000 4033 1128 4121 rabies,
1152 4049 1184 4103 et
1208 4036 1311 4106 vllitas
