2790 4740
259 386 295 458 7'8
556 349 811 446 ruoimonun
832 388 945 448 menn
967 391 1017 444 1v.

260 513 386 603 solent,
410 516 464 585 hic
485 516 608 584 ibidem
635 518 741 586 varias
765 519 915 586 civitates
940 519 1159 607 substituere3
1186 535 1223 588 ut
1249 519 1301 591 ille

257 662 437 755 Tragicos,
455 663 513 754 qui
530 662 565 728 in
585 661 715 729 theatro
732 659 795 730 dici
814 662 891 730 facit
909 690 915 729 :

353 913 457 980 Liber,
477 911 525 986 qui
547 921 663 985 augusta
681 913 739 967 haec
756 912 818 967 loca
838 911 1014 986 Cytbaeronis
1033 913 1118 980 eolis3

258 1158 338 1226 item'
356 1154 412 1224 ille
430 1159 602 1242 Comicus,
621 1159 698 1251 qui:

362 1426 454 1493 Quam
471 1443 587 1498 parvam
610 1434 720 1498 partem
734 1427 859 1497 postulat
872 1425 989 1480 Plautus
1004 1426 1061 1480 loci

357 1519 400 1572 De
419 1518 522 1572 vostris
541 1517 651 1591 magnis
670 1528 754 1590 atque
772 1517 891 1574 amoenis
909 1518 1063 1586 moenibus,

357 1611 479 1665 Athenas
502 1629 558 1683 quo
578 1610 638 1665 sine
654 1610 813 1666 architectis
827 1611 991 1682 conferam

262 1880 328 1924 non
355 1879 448 1923 secus
471 1856 608 1924 etmihi
634 1853 731 1924 liceat
751 1854 879 1924 nuliam
900 1854 1116 1949 longinquam
1143 1870 1176 1924 et
1203 1866 1306 1924 traus-

265 2001 431 2068 marinam
452 1983 628 2068 ¹civitatem
657 2000 731 2086 hie,
760 1999 816 2068 sed
845 2001 933 2067 enim
963 2001 1065 2091 ipsius
1093 1999 1304 2094 Carthaginis

263 2141 314 2212 vel
336 2146 461 2211 curiam
481 2141 533 2210 vel
552 2141 786 2212 bibliothecam
808 2143 1017 2212 substituere.
1038 2145 1147 2236 Igitur
1168 2143 1305 2235 proinde

264 2291 439 2394 habetote,
462 2291 486 2356 si
510 2261 600 2357 curia
622 2290 721 2383 digna
743 2287 934 2382 protulero,
956 2306 992 2356 ut
1014 2291 1040 2358 si
1064 2292 1096 2356 iu
1121 2291 1192 2382 ipsa
1215 2291 1304 2360 curia

264 2461 318 2504 me
342 2435 484 2504 audiatis
512 2461 518 2503 :
546 2437 571 2502 si
597 2433 726 2502 erudita
750 2434 896 2518 fuerint,
924 2448 961 2501 ut
989 2435 1013 2500 si
1044 2435 1077 2500 in
1107 2431 1305 2502 bibliotheca

266 2580 431 2674 legantur.
454 2580 556 2668 Quod
579 2582 706 2648 utinam
726 2579 809 2646 mihi
828 2601 890 2672 pro
911 2572 1131 2672 amplitudine
1150 2577 1306 2646 auditorii

264 2724 392 2820 prolixa
416 2725 522 2802 oratid
547 2739 753 2819 suppeteret,
774 2749 812 2792 ac
833 2750 900 2792 non
927 2725 981 2792 hic
1006 2725 1148 2792 maxime
1174 2723 1306 2794 claude·

265 2887 335 2959 ret,
356 2872 411 2938 ubi
437 2895 489 2938 me
512 2845 783 2938 facundissimum
808 2866 984 2962 cuperem!
1008 2869 1072 2938 Sed
1094 2893 1211 2938 verum
1236 2897 1305 2940 ver·

265 3019 346 3085 bum
364 3031 413 3086 est
430 3015 597 3108 profecto,
616 3013 707 3108 quod
724 3016 844 3084 aiunt:
865 3011 964 3084 Nihii'
976 3013 1159 3107 quidquam
1179 3014 1309 3084 homibi

265 3177 334 3229 tam
359 3183 559 3254 prosperum
587 3156 747 3227 divinitus
777 3157 913 3244 datum,
940 3159 1021 3252 quin
1050 3160 1079 3226 ei
1108 3169 1219 3227 tamen
1248 3160 1309 3229 ad·

267 3309 407 3376 mixtum
428 3307 469 3375 sit
488 3303 611 3398 aliquid
632 3303 855 3410 difficpltatis3
876 3319 915 3372 ut
933 3307 1031 3373 etiam
1052 3277 1311 3400 inai1ipii'ssima

269 3479 401 3548 quaque
425 3450 538 3521 laetitia
562 3453 668 3520 subsit
692 3447 931 3545 quaepiamvel
955 3476 1056 3544 parva
1078 3453 1310 3545 querimonia,

268 3599 503 3694 conjugatione
515 3596 658 3690 quadam
673 3594 777 3664 mellis
792 3609 824 3663 et
838 3592 934 3664 fellis.
948 3597 1017 3665 'Ubi
1031 3596 1124 3684 uber,
1137 3597 1183 3664 ibi
1198 3599 1311 3668 tuber.

268 3747 307 3814 Id
322 3769 385 3838 ego
398 3767 501 3835 quum
518 3755 595 3810 ante
610 3739 704 3826 alias,
721 3755 790 3809 tum
807 3739 905 3808 etiam
921 3765 1008 3808 nunc
1021 3741 1312 3834 inpraesentiarum

269 3912 333 3955 usu
348 3888 508 3978 experior.
527 3887 613 3955 Nam
631 3898 756 3978 quanto
771 3884 887 3952 videor
902 3882 997 3978 plura
1013 3885 1101 3978 apud
1116 3911 1175 3955 vos
1190 3889 1316 3958 habere

269 4031 312 4102 ad
330 4030 651 4100 commendationem
671 4028 850 4124 suffragia,
868 4045 964 4098 tanto
983 4056 1055 4100 sum
1075 4031 1114 4100 ad
1133 4033 1316 4104 dicendum
