2790 4740
284 424 320 462 aa
590 401 845 459 FLORIDORUM
865 401 976 456 LIBER
997 401 1020 455 I.

284 528 373 597 torio
405 525 494 595 velut
524 524 675 618 quaedam
705 523 834 594 macula
867 548 937 592 sese
968 523 1168 610 immiscuit;
1199 521 1314 608 velim,

272 669 383 742 ‚velim
401 669 568 765 paulisper
586 695 664 739 suos
682 666 795 738 oculos
813 693 873 763 per
889 669 980 738 huuc
1000 665 1224 738 incredibilem
1243 691 1317 736 con·

287 845 412 890 sessum
430 815 640 887 circumferat
658 811 993 909 :contemplatusque
1011 811 1231 906 frequentiam
1250 825 1317 878 tau·

243 1000 245 1005 ·
287 976 376 1046 tam,
395 975 520 1054 quanta
538 973 615 1028 ante
633 983 686 1026 me
705 959 739 1026 in
758 957 924 1027 auditorio
944 955 1131 1049 philosophi
1152 979 1317 1046 nunquam

285 1105 414 1173 visitata
436 1117 505 1189 est,
523 1116 655 1195 reputet
674 1126 750 1170 cum
771 1102 882 1170 animo
904 1125 984 1187 suo,
1006 1114 1168 1192 quantum
1191 1099 1316 1192 pericu·

287 1246 357 1316 lum
385 1244 619 1316 conservandae
647 1246 900 1314 existimationis
927 1245 982 1314 hic
1008 1243 1127 1329 adeat,
1155 1245 1213 1340 qui
1239 1269 1317 1313 cou-

266 1385 388 1460 'temni
405 1414 473 1458 non
489 1390 676 1474 cousuevit;
695 1414 800 1482 quum
817 1391 860 1458 sit
876 1388 1018 1457 arduum
1038 1404 1069 1458 et
1088 1387 1212 1483 oppido
1233 1388 1318 1458 diffi-

286 1531 367 1621 cile,
391 1531 443 1602 vel
469 1533 606 1602 modica
632 1557 812 1626 paucorum
840 1534 1077 1625 exspectationi
1102 1533 1318 1602 satisfacere:

287 1679 468 1774 praesertim
485 1679 585 1763 mihi,
605 1682 658 1747 cui
677 1693 709 1747 et
726 1693 803 1747 aute
821 1692 914 1771 parta
932 1678 1146 1762 existimatio,
1164 1692 1197 1745 et
1215 1693 1319 1747 vestra
1390 1729 1391 1756 ,

287 1823 328 1892 de
347 1848 398 1892 me
417 1825 559 1918 benigna
580 1825 789 1916 praesumtio,
809 1821 891 1893 nihil
912 1822 1094 1917 quidquam
1115 1823 1194 1891 sinit
1215 1820 1320 1916 negli-

287 1982 404 2060 genter
419 1992 457 2037 ac
473 1966 514 2036 de
530 1991 659 2038 summo
676 1982 808 2060 pectore
824 1967 957 2037 hiscere.
975 1967 1060 2058 Quis
1073 1967 1162 2036 enim
1177 1968 1321 2036 vestraim

287 2135 390 2178 unum
411 2112 490 2179 mihi
514 2110 734 2181 soloecismum
757 2111 942 2206 ignoverit?
962 2114 1038 2205 quis
1059 2110 1112 2180 vel
1133 2074 1234 2181 unam
1255 2111 1322 2207 syl·
1391 2173 1392 2224 1

287 2253 394 2324 labam
413 2256 553 2326 barbare
571 2259 820 2349 pronuntiatam
840 2257 1038 2327 donaverit?
1059 2259 1132 2351 quis
1153 2258 1323 2328 incondita

286 2418 320 2472 et
341 2406 457 2474 vitiosa
475 2407 573 2474 verba
592 2421 731 2492 temere,
753 2409 847 2499 quasi
866 2405 1097 2490 delirantibus,
1117 2407 1325 2492 oborientia,
1392 2473 1393 2514 ,

191 2639 194 2654 ι
285 2556 473 2649 permiserit
494 2555 695 2626 blatterare?
718 2558 802 2644 Quae
825 2573 935 2626 tamen
959 2556 1031 2627 aliis
1053 2556 1168 2638 facile,
1190 2572 1224 2626 et
1244 2582 1324 2626 saue
1392 2553 1393 2600 l

286 2705 495 2774 meritissimo
508 2707 686 2800 ignoscitis.
701 2708 814 2775 Meum
828 2731 905 2776 vero
920 2706 1182 2800 unumquodque
1194 2704 1323 2774 dictum

286 2850 406 2920 acriter
433 2855 645 2936 examinatis,
674 2852 789 2922 sedulo
817 2853 1049 2948 pensiculatiS,
1078 2854 1118 2922 ad
1148 2852 1262 2922 limam
1294 2869 1330 2922 et

286 2998 407 3068 lineam
424 3014 547 3068 certam
566 3000 733 3095 redigitis,
753 3026 830 3073 cum
847 3016 946 3071 torno
965 3018 998 3071 et
1018 3004 1183 3072 cothurno
1202 3003 1328 3072 iterum

286 3149 495 3241 comparatis.
521 3151 665 3218 Tantum
692 3149 792 3219 habet
817 3147 927 3219 vilitas
951 3150 1191 3238 excusationis,
1215 3176 1330 3245 quan-

286 3314 358 3369 tum
380 3300 525 3395 dignitas
548 3299 762 3371 difficultatis.
788 3304 941 3395 Agnosco
965 3302 1069 3397 igitur
1093 3300 1332 3371 difficultatem

286 3473 412 3535 meam,
431 3474 492 3518 nec
514 3449 691 3544 deprecor,
713 3452 795 3542 quin
821 3451 869 3518 sic
889 3451 1093 3519 existimetis.
1120 3451 1189 3519 Nec
1213 3465 1332 3520 tamen

284 3623 343 3666 vos
361 3621 463 3690 parva
482 3596 631 3691 quaedam
650 3612 682 3665 et
702 3621 803 3691 prava
823 3596 1004 3667 similitudo
1021 3595 1119 3668 falsos
1136 3599 1240 3667 animi
1260 3599 1332 3668 ha·

284 3740 360 3807 beat
379 3765 387 3808 :
408 3740 565 3834 quoniam
582 3739 751 3831 quaedam,
772 3755 809 3808 ut
829 3764 912 3835 saepe
932 3742 1023 3827 dixi,
1042 3741 1174 3835 palliata
1193 3743 1332 3810 mendi-

285 3882 403 3952 cabula
419 3882 646 3954 obambulant.
665 3888 777 3954 Praeco
793 3910 869 3954 cum
889 3884 1106 3981 proconsule,
1124 3887 1246 3980 etipse
1266 3886 1334 3954 tri-

284 4023 384 4095 bunal
402 4028 569 4116 ascendit,
588 4031 710 4123 etipse
730 4044 862 4123 togatus
880 4029 946 4098 illic
966 4030 1115 4118 videtur;
1136 4044 1168 4099 et
1187 4030 1332 4122 quidem
