2790 4740
241 371 273 432 tl.
535 365 793 422 Fuomuouum
813 367 926 424 LIBER
947 367 970 422 1.

231 489 309 561 culo
328 485 531 560 in'mutuam
554 492 736 586 perniciem
760 506 975 579 concertant3
999 494 1126 586 quippe
1145 458 1283 564 lubrico

230 635 401 708 volumin'e
424 635 552 731 indepti
577 638 785 724 revinciunt‚
806 653 838 706 et
863 637 928 708 illis
949 637 1105 732 expedire
1127 655 1289 733 gressum

233 785 484 878 nequientibus,
515 783 565 854 vel
596 786 733 853 omnino
765 784 964 880 abrumpere
993 785 1283 856 tenacissimorum

233 931 437 1021 serpentium
463 952 636 1020 squameas
661 928 815 1024 pedicas,
843 953 976 1000 necesse
1002 929 1040 998 lit
1068 928 1235 1000 ultionem
1262 957 1284 1002 a

233 1075 334 1143 ruina
351 1072 448 1143 molis·
465 1099 532 1143 sua
550 1079 682 1169 petere,
700 1099 739 1144 ac
755 1089 937 1144 retentores
955 1097 1033 1144 suos
1048 1090 1122 1145 toto
1139 1099 1285 1171 corpore

234 1215 394 1288 oblidere.
418 1219 507 1288 Sunt
535 1219 624 1315 apud
653 1219 727 1289 illos
756 1233 788 1287 et
817 1221 906 1289 varia
935 1219 1117 1330 colentium
1148 1246 1283 1316 genera.

1381 553 1383 702 l

1382 703 1384 834 l

1384 853 1385 948 l

234 1349 420 1456 Lubentius
446 1389 508 1460 ego
537 1363 578 1432 de
604 1364 772 1434 miraculis
800 1365 996 1452 bominum,
1022 1391 1123 1457 quam
1152 1381 1285 1436 naturae
1387 1381 1388 1386 ’

235 1505 459 1576 disseruerim.
486 1511 545 1584 Est
570 1506 661 1602 apud
688 1506 764 1576 illos
787 1532 915 1603 genus,
939 1509 997 1600 qui
1026 1505 1108 1577 nihil
1136 1508 1286 1604 amplius

235 1676 335 1745 quam
359 1650 569 1721 bubulcitare
590 1677 712 1720 novere
733 1678 740 1720 :
763 1650 906 1744 ideoque¹
925 1675 1112 1745 cognomen
1133 1649 1200 1721 illis
1218 1656 1287 1722 Bu·

236 1797 343 1868 bulcis
364 1797 518 1868 inditum.
542 1798 627 1867 Sunt
653 1812 687 1866 et
712 1795 878 1865 mutandis
904 1797 1071 1865 mercibus
1092 1795 1228 1883 callidi,
1251 1813 1287 1866 et

236 1944 399 2014 obeundis
417 1941 543 2039 praeliis
563 1943 711 2027 strenui,
731 1940 782 2011 vel
802 1941 930 2036 sagittis
949 1941 1100 2027 eminus,
1123 1937 1174 2010 vel
1198 1944 1288 2011 ensi·
1391 1989 1392 1994 κ

236 2093 299 2160 bus
316 2093 479 2160 cominus.
496 2091 556 2159 Est
571 2103 729 2188 praeterea
747 2113 854 2182 genus
872 2085 961 2182 apud
978 2083 1052 2155 illos
1072 2087 1259 2180 praestabile
1278 2113 1286 2156 :
1392 2129 1393 2134 κ

236 2238 532 2334 Gymnosophistae
557 2250 730 2305 vocantur.
755 2238 825 2303 Hos
850 2258 912 2327 ego
938 2234 1080 2334 maxime
1104 2233 1286 2303 admiror:
1393 2291 1394 2300 i

181 2386 183 2400 '
237 2385 328 2480 quod
350 2385 501 2453 homines
523 2398 603 2452 sunt
626 2382 744 2476 periti,
769 2405 837 2449 non
859 2379 1082 2475 propaganda
1102 2381 1201 2464 aitis,
1223 2405 1288 2450 nec

237 2525 448 2602 inoculandae
463 2530 613 2614 arboris,
632 2507 948 2620 necproscindendi
968 2523 1051 2613 soli,
1070 2499 1137 2594 non
1159 2524 1207 2593 illi
1226 2549 1289 2594 no·

238 2666 321 2747 runt
332 2703 449 2747 arvum
465 2661 588 2761 colere,
603 2674 655 2742 vel
669 2697 766 2742 uvam
781 2667 909 2755 colare,
923 2671 975 2740 vel
989 2696 1114 2766 equum
1128 2671 1289 2758 domare,

238 2823 290 2894 vel
310 2841 444 2896 taurum
463 2825 639 2917 subigere,
659 2819 710 2888 vel
731 2807 826 2888 ovem
847 2817 897 2886 vel
918 2843 1052 2913 capram
1072 2818 1212 2888 tondere
1234 2819 1291 2888 vel

240 2997 382 3069 pascere.
397 2969 490 3059 Quid
504 2964 691 3064 igiturest?
705 2969 820 3036 Unum
836 2988 897 3060 pro
912 2964 963 3032 bis
977 2965 1133 3033 omnibus
1148 2981 1289 3036 norunt.

238 3124 442 3219 Sapientiam
464 3116 656 3216 percolunt,
676 3131 744 3185 tam
763 3111 914 3209 magistri
933 3138 1047 3198 senes,
1069 3137 1169 3206 quam
1189 3113 1290 3184 disci-

189 3358 191 3362 ,
241 3275 311 3373 puli
338 3275 495 3343 minores.
524 3240 595 3339 Nee
619 3268 804 3361 quidquam
829 3264 918 3360 apud
945 3262 1021 3333 illos
1046 3289 1139 3357 aeque
1166 3264 1289 3355 laudo,

170 3461 172 3466 ’
240 3453 341 3525 qnam
366 3422 458 3518 quod
482 3437 654 3514 torporem
681 3417 784 3486 animi
808 3429 843 3484 et
866 3416 972 3485 otium
997 3387 1153 3490 oderunt.
1180 3389 1290 3512 igitur

243 3580 315 3667 nbi,
330 3599 442 3646 mensa
458 3573 582 3668 posita,
596 3570 791 3665 priusquam
807 3564 919 3637 edulia
934 3563 1159 3660 adponuntur,
1172 3590 1291 3637 omnes

49 3763 55 3776 ·
134 3762 140 3770 ’
242 3727 469 3798 adolescentes
488 3746 528 3790 ex
550 3719 689 3788 diversis
710 3715 791 3785 locis
813 3731 845 3784 et
866 3713 985 3783 officiis
1004 3713 1046 3784 ad
1068 3714 1186 3808 dapem
1209 3741 1290 3786 con-

242 3875 398 3960 ueniunt,
420 3840 571 3964 magistri
592 3877 794 3959 perrogant,
814 3859 904 3955 quod
927 3839 1049 3929 factum
1069 3885 1087 3928 a
1108 3857 1192 3928 lucis
1211 3877 1291 3932 ortu

244 4021 286 4091 ad
307 4016 388 4088 illud
410 4015 474 4083 diei
495 4013 620 4084 bonum
647 4008 771 4078 fecerit.
797 4007 861 4074 Hic
884 4003 970 4074 alius
993 4028 1029 4073 se
1051 4023 1293 4076 commemorat
