2790 4740
269 411 307 468 38
562 409 817 500 rnontnoauu
839 414 950 469 Ltnutt
972 410 1008 469 ΙΙ.

269 563 392 621 annos;
414 539 494 607 dum
517 539 611 614 facite
628 566 664 608 os
690 543 737 608 uti
755 541 998 624 conformetur,
1011 539 1097 608 'dum
1115 553 1228 608 tenera
1245 539 1303 607 liu·

270 706 336 774 gua
365 682 413 750 uti
433 683 656 751 convibratur.
678 685 782 752 Senex
801 683 913 752 autem
931 697 1068 776 captus,
1097 696 1131 749 et
1155 681 1303 750 indocilis

270 842 319 896 est
344 843 376 896 ct
401 825 592 894 obliviosus.
621 831 744 895 Verum
771 827 812 894 ad
840 825 1048 920 disciplinam
1072 826 1211 895 humaui
1238 851 1303 894 ser·

271 973 378 1040 monis
405 970 532 1040 facilior
557 987 606 1040 est
630 974 811 1068 psittacus,
840 970 959 1066 glande
985 973 1042 1064 qui
1069 973 1213 1040 vescitur
1241 998 1248 1038 :
1276 987 1307 1038 ct

270 1115 366 1207 cuius
386 1115 422 1182 in
445 1114 602 1207 pedibus,
625 1130 662 1186 ut
681 1115 843 1198 hominis,
861 1098 958 1208 ¹quini
978 1114 1109 1210 digituli
1132 1140 1306 1188 numeran-

271 1274 346 1344 tur3
368 1284 436 1330 non
458 1260 546 1327 cuim
569 1259 723 1328 omnibus
746 1261 900 1354 psittacis
918 1261 952 1327 id
975 1260 1124 1354 iusigne3
1147 1259 1204 1328 sed
1226 1259 1306 1328 illud

271 1402 426 1471 omnibus
448 1404 644 1496 proprium,
666 1429 733 1497 quo
753 1405 798 1472 eis
820 1402 934 1498 lingua
955 1402 1054 1474 latior
1073 1427 1172 1497 quam
1193 1406 1306 1474 ceteris

271 1547 409 1631 avibus,
432 1572 472 1615 eo
496 1547 626 1617 facilius
651 1550 751 1617 verba
775 1548 950 1622 hominum
973 1546 1171 1635 articulant,
1195 1563 1308 1642 pateu-

271 1690 356 1760 tiore
374 1689 499 1786 plectro
517 1706 550 1760 ct
572 1688 692 1784 palato.
715 1691 754 1758 Id
776 1715 874 1777 vero,
894 1691 985 1784 quod
1004 1671 1136 1777 didicit,
1157 1693 1203 1762 ita
1223 1694 1308 1760 simi-

271 1833 346 1904 liter
365 1835 461 1903 uobis
480 1838 588 1916 canit,
608 1833 659 1902 vel
680 1835 790 1928 potius
809 1832 991 1928 eloquitur,
1012 1851 1048 1903 ut
1071 1859 1184 1904 vocem
1205 1837 1231 1903 si
1253 1862 1310 1904 au·

271 1979 361 2066 dias,
387 1980 557 2048 hominem
586 1993 682 2072 putes
709 2005 717 2045 :
744 2003 821 2046 nam
846 1949 981 2071 quidem
1009 1980 1035 2047 si
1064 1979 1193 2066 videas,
1222 1980 1309 2048 idem

271 2125 406 2211 conari,
420 2137 493 2191 'non
510 2122 631 2214 eloqui.
653 2127 779 2191 Verum
797 2124 967 2191 enimvero
985 2137 1018 2190 et
1035 2147 1154 2196 corvus
1173 2137 1205 2190 et
1226 2125 1309 2214 psit·

271 2281 363 2334 tacus
383 2264 465 2333 nihil
485 2265 595 2350 aliud,
615 2290 713 2358 quam
738 2266 830 2358 quod
850 2265 1056 2352 didicerunt,
1080 2269 1310 2359 pronuntiant.

271 2413 306 2481 Si
326 2413 476 2486 convicia
496 2411 677 2509 docueris,
690 2409 948 2488 conviciabitur,
968 2410 1081 2482 diebus
1099 2397 1138 2478 ac
1156 2411 1312 2480 noctibus

270 2519 479 2653 perstrepens
496 2554 680 2628 maledictis
700 2580 708 2624 ε
729 2555 793 2623 hoc
810 2553 859 2623 illi
875 2579 1007 2622 carmen
1024 2570 1091 2638 est,
1112 2555 1196 2623 banc
1215 2571 1314 2648 putat

271 2707 468 2775 cantionem.
492 2704 561 2773 Ubi
582 2703 711 2787 omnia,
735 2727 809 2794 quae
828 2700 960 2788 didicit,
982 2699 1155 2769 maledicta
1176 2727 1315 2794 percen-

270 2847 353 2934 suit,
375 2845 486 2913 denuo
508 2844 628 2937 repetit
648 2843 797 2911 eamdem
818 2829 1028 2910 cantilenam.
1052 2843 1087 2911 Si
1104 2867 1217 2910 carere
1232 2869 1315 2912 con-

270 2991 355 3060 vicio
377 2989 476 3074 velis,
498 2965 612 3084 lingua
633 2987 812 3059 excidenda
833 3002 901 3076 est,
924 3003 981 3056 aut
1001 2988 1252 3086 quamprimum
1278 2990 1316 3062 in

271 3133 370 3210 silvas
386 3159 460 3209 suas
477 3132 708 3207 remittendus.

316 3619 410 3686 XIII.
428 3619 504 3688 Non
522 3619 610 3684 enim
629 3618 711 3685 mihi
728 3616 936 3730 philopopbia
951 3615 986 3682 id
1003 3638 1106 3708 genus
1123 3614 1318 3682 orationem

268 3761 388 3862 largita
405 3777 472 3847 est,
491 3777 528 3832 ut
544 3775 664 3830 natura
679 3759 876 3854 quibusdam
895 3759 1011 3828 avibus
1026 3759 1159 3826 brevem
1176 3771 1209 3825 et
1226 3774 1318 3826 tcm-

268 3905 440 3996 porarium
465 3917 603 3974 cantum
628 3900 853 3970 commodavit
878 3927 886 3968 ι
911 3897 1147 3972 hirundinibus
1174 3901 1320 3968 matuti-

270 4069 370 4134 num,
393 4047 515 4116 cicadis
540 4045 781 4129 meridianum,
806 4044 935 4114 noctuis
958 4069 1088 4130 serum,
1114 4041 1213 4114 ululis
1239 4069 1322 4111 ves-
