2790 4740
252 381 271 436 6
566 381 823 439 mumolum
844 379 957 437 Llnlttt
977 382 1000 436 1.

252 498 432 570 uelificatas
448 498 516 570 alas
533 523 601 593 quo
619 496 718 569 libuit
734 500 935 584 advertens,
955 499 1088 568 modico
1105 499 1219 569 candae
1236 525 1297 594 gu·

251 641 451 730 bernaoulo,
479 642 558 714 inde
584 659 705 714 cuncta
730 644 938 738 despiciens,
965 644 1086 712 ibidem
1116 644 1297 737 pinnarum

252 785 382 855 eminus
409 785 572 858 indefesso
600 789 763 884 remigio,
793 813 831 858 ac
862 787 1029 884 paulisper
1059 787 1296 856 cunctabundo

252 930 365 1004 volatu
380 956 473 1027 paene
490 927 607 1002 eodem
625 932 700 1004 loco
716 933 861 1030 pendula
878 935 1138 1020 circumtuetur;
1155 947 1188 1002 et
1204 957 1295 1026 quae·
1314 1013 1317 1018 ¹

251 1075 316 1162 rit,
336 1099 478 1169 quorsus
502 1077 710 1172 potissimum
734 1081 769 1148 in
790 1078 935 1174 praedam
959 1101 1101 1171 superne
1123 1101 1192 1146 sese
1216 1101 1296 1170 pro-

253 1233 349 1308 ruat,
373 1216 521 1290 fulminis
542 1222 614 1290 viae
640 1246 649 1288 τ
674 1220 716 1290 de
740 1219 825 1292 coelo
848 1199 1028 1324 improvisa
1051 1217 1150 1288 simul
1170 1221 1297 1312 campis

253 1386 380 1456 pecua,
402 1337 693 1437 simul‘montibus
714 1365 818 1453 feras,
841 1343 940 1436 simul
964 1365 1101 1434 urbibus
1124 1363 1296 1446 homines,

255 1529 321 1574 uno
347 1506 467 1578 obtutu
495 1509 708 1583 sub'eodern'
730 1501 857 1604 impetu
883 1493 1044 1594 cernens3
1073 1507 1160 1575 unde
1186 1520 1297 1574 rostro

253 1650 469 1741 transfodiat,
489 1652 579 1722 unde
603 1653 771 1750 unguibus
795 1657 952 1742 inuncet,
977 1651 1027 1722 vel
1051 1675 1175 1746 agnum
1199 1649 1296 1717 incu-

254 1796 395 1883 riosum,
411 1795 464 1864 vel
484 1795 630 1892 leporem
647 1798 896 1884 meticulosum,
914 1795 964 1865 vel
982 1793 1207 1890 quodcunque
1225 1793 1297 1860 esui

252 1939 455 2028 animatum,
473 1941 523 2010 vel
542 1940 679 2013 laniatui
698 1944 765 2012 fors
783 1942 915 2013 obtulit.
1000 2039 1008 2053 ·

303 2233 363 2298 111.
385 2230 533 2327 Hyagnis
557 2232 636 2316 fuit,
656 2247 693 2302 ut
713 2233 825 2318 fando„
839 2223 1041 2326 accepimus,
1060 2223 1201 2324 Marsyae
1220 2229 1298 2296 tibi-

157 2393 159 2398 ·
252 2375 335 2486 ¹cinis
351 2352 494 2469 pateret
510 2339 687 2474 magister,
706 2377 846 2446 rudibus
873 2377 983 2446 adhuc
1006 2377 1138 2446 musicae
1156 2370 1297 2462 seculis,

253 2517 343 2598 solus
369 2536 447 2592 ante
472 2519 554 2598 alios
583 2537 675 2592 catus
699 2547 819 2595 canere
844 2549 852 2590 ε
880 2522 1030 2593 nondum
1060 2519 1195 2618 quidem
1228 2533 1299 2588 tam

253 2641 381 2736 inflexae
395 2670 513 2736 animae
528 2694 625 2754 sono,
643 2684 787 2737 nectam
805 2666 995 2764 pluriformi
1013 2665 1128 2752 modo,
1147 2689 1208 2733 nec
1227 2680 1297 2733 tam

252 2810 472 2881 multiforatili
497 2813 598 2898 rihia3
618 2816 742 2908 quippe
761 2814 870 2883 adhuc
893 2839 946 2883 ars
968 2815 1030 2881 ista
1049 2827 1185 2905 repertu
1206 2835 1297 2879 novo

252 2955 464 3027 commodum
479 2955 658 3026 oriebatur.
675 2959 746 3028 Nec
759 2956 943 3052 quidquam
958 2956 1107 3026 omnium
1123 2970 1187 3041 est,
1203 2953 1297 3047 quod

251 3103 356 3195 possit
376 3103 410 3170 in
434 3100 616 3195 primordio
638 3106 688 3171 sui
710 3102 823 3197 perfici
847 3129 854 3170 :
880 3097 992 3171 sedin
1013 3103 1169 3171 omnibus
1189 3099 1296 3167 ferme

251 3258 328 3313 ante
355 3259 405 3314 est
431 3247 502 3340 spei
527 3245 779 3331 rudimentum,
807 3271 907 3340 quam
938 3247 985 3313 rei
1013 3245 1294 3340 experimentum.

251 3393 390 3458 Prorsus
408 3389 511 3482 igitur
529 3403 605 3458 ante
624 3391 794 3484 Hyagnim·
814 3388 896 3458 nihil
915 3361 1178 3483 aliud—plerique
1195 3377 1295 3456 ¹calle·

249 3499 348 3624 bant,
367 3544 467 3628 quam
483 3532 688 3629 virgilianus
707 3535 812 3630 upilio
829 3561 887 3608 seu
905 3535 1096 3628 bubsequa,

368 3703 506 3762 stridenti
523 3705 659 3763 miserum
672 3707 775 3781 stipula
795 3699 962 3784 disperdere
979 3701 1102 3763 carmen.

246 3859 348 3950 Quod
372 3861 399 3928 si
422 3861 497 3955 quis
522 3859 697 3930 videbatur
724 3859 824 3956 paulo
848 3859 974 3954 largius
1000 3861 1035 3928 in
1060 3872 1131 3927 arte
1157 3881 1292 3952 promo·
1383 3849 1384 3864 ἦ

249 4007 348 4093 risse,
373 4005 404 4072 ei
427 4028 560 4098 quoque
582 4019 692 4074 tamen
715 4030 785 4074 mos
810 4005 870 4074 fuit
897 4029 961 4073 una
987 4002 1086 4090 tibia,
1111 4001 1203 4072 velut
1226 4025 1291 4068 una
1383 3983 1384 4024 ³
