2790 4740
294 397 331 465 td
594 397 849 456 montuosum
868 397 981 456 LIBER
1001 401 1038 456 11.

293 526 368 594 mia.
387 525 479 613 Quin
497 525 596 592 etiam
613 522 820 618 Pherecydes
842 526 945 618 Scyro
963 549 1003 593 ex
1021 521 1126 592 insula
1144 524 1338 614 oriundus,

292 669 350 763 qui
368 669 495 762 primus
514 692 666 738 versuum
685 692 771 737 nexu
790 666 983 761 repudiato,
1002 667 1212 738 conscribere
1231 693 1337 739 ausus

291 828 339 882 est
365 812 468 906 passis
491 811 619 899 verbis,
641 809 751 880 soluto
778 809 911 896 locutu,
932 809 1035 882 libera
1058 813 1231 899 oratioue,
1253 837 1337 884 eum

288 981 422 1052 quoque
443 957 645 1051 Pythagoras
664 956 859 1051 magistrum
879 953 1003 1040 coluit,
1023 971 1055 1023 et
1074 955 1201 1025 infandi
1222 958 1337 1026 morbi

288 1100 465 1196 putredine
497 1101 531 1168 in
562 1061 770 1194 serpentium
798 1101 944 1171 scabiem
975 1097 1145 1182 solutum,
1178 1097 1337 1195 religiose

282 1211 449 1312 humavit.
469 1247 590 1312 Fertur
608 1257 640 1313 et
658 1267 760 1338 penes
779 1242 1065 1314 Anaximandrum
1083 1240 1253 1312 Milesium
1272 1269 1335 1312 na-

289 1386 445 1458 turabilia
464 1402 708 1458 commentatus
726 1415 735 1458 ε
755 1412 817 1456 nec
839 1413 905 1458 non
926 1403 959 1456 et
981 1390 1171 1456 Cretensem
1193 1389 1334 1482 Epime-

289 1531 417 1619 nidem,
431 1529 797 1626 inclytumfatiloquum
814 1545 849 1599 et
863 1533 1013 1624 poetam,
1029 1527 1212 1623 disciplina
1221 1532 1332 1626 gratia

287 1689 430 1744 sectatus
444 1700 452 1743 :
467 1678 610 1768 itemque
622 1672 896 1760 Leodamantem,
909 1666 1089 1764 Creophyli
1102 1669 1307 1766 discipulum
1320 1697 1329 1740 ε

286 1822 344 1914 qui
373 1818 580 1916 Creophylus
612 1834 815 1893 memoratur
846 1833 951 1912 poetae
981 1817 1116 1885 Homeri
1145 1816 1266 1908 hospes
1297 1832 1332 1884 et

286 1961 459 2036 aernulator
481 1962 620 2032 canendi
644 1961 754 2034 fuisse.

335 2133 399 2200 Tot
440 2127 496 2198 ille
529 2130 719 2199 doctoribus
753 2127 928 2216 eruditus,
962 2143 1012 2198 tot
1039 2143 1172 2224 tamque
1211 2129 1330 2198 multi-

235 2281 242 2286 ’
282 2279 371 2377 jugis
407 2278 555 2348 sontibus
590 2277 841 2374 disciplinarum
877 2293 948 2346 toto
980 2277 1060 2346 orbe
1093 2277 1244 2362 haustis,
1275 2280 1329 2346 vir

286 2424 464 2518 praesertim
495 2423 627 2516 ingenio
648 2423 791 2516 ingenti,
813 2447 851 2492 ac
883 2421 1032 2514 prolecto
1064 2446 1163 2514 supra
1189 2437 1326 2514 captum

286 2569 429 2638 hominis
461 2568 563 2640 animi
599 2568 796 2660 augustior,
831 2567 957 2659 primus
988 2563 1204 2658 philosophiae
1234 2580 1327 2636 ntru-

284 2727 432 2806 eupator
447 2725 479 2779 et
506 2709 680 2796 conditor,
714 2710 793 2778 nihil
822 2712 914 2803 prins
944 2707 1124 2800 discipulos
1149 2733 1226 2778 suos
1260 2708 1325 2777 do·

284 2855 370 2936 cuit,
390 2878 489 2947 quam
509 2867 618 2922 tacere
637 2879 645 2922 :
667 2855 839 2946 primaque
857 2852 945 2946 apud
964 2875 1039 2920 eum
1059 2851 1246 2936 meditatio,
1269 2878 1324 2921 sa-

282 2998 388 3090 pienti
403 2997 537 3082 futuro,
553 2995 700 3090 linguam
719 3022 849 3064 onmem
867 3020 1035 3081 coercere3
1051 2997 1232 3090 verbaque,
1248 3021 1324 3090 quae
1376 2983 1377 2996 ¹

283 3137 428 3208 volantia
457 3156 562 3232 poetae
587 3138 775 3235 appellant,
802 3164 840 3208 ea
866 3139 985 3226 verba,
1010 3139 1165 3212 detractis
1189 3142 1322 3235 pinnis,

280 3285 369 3352 intra
396 3307 531 3351 murum
558 3281 771 3351 candentium
798 3281 947 3350 dentium
975 3307 1132 3376 premere.
1159 3286 1321 3380 Prorsus,

280 3433 437 3525 inquam,
459 3429 611 3498 hocerat
630 3431 774 3523 primurn
793 3429 961 3522 sapientiae
979 3429 1225 3516 rudimentum,
1248 3457 1318 3500 me·
1376 3453 1377 3522 l

279 3581 378 3650 ditari
407 3577 630 3664 condiscere,
649 3575 805 3671 loquitari
832 3576 1010 3647 dediscere.
1041 3579 1118 3649 Non
1147 3579 1181 3647 in
1210 3592 1319 3649 totum
1376 3575 1377 3642 l

279 3751 384 3796 aevum
404 3741 513 3794 tamen
530 3749 644 3793 vocem
663 3725 920 3811 desuesccbant,
939 3751 999 3794 nec
1015 3751 1130 3798 omnes
1147 3729 1225 3820 pari¹
1237 3743 1318 3798 tem·

279 3897 359 3966 pore
381 3869 529 3966 elingues
552 3873 747 3966 magistrum
770 3873 1004 3960 sectabantur;
1030 3871 1086 3940 sed
1110 3875 1317 3966 gravioribus

275 4020 354 4088 viris
385 4018 477 4086 brevi
505 4021 612 4114 spatio
639 4021 716 4090 satis
744 4019 919 4088 videbatur
948 4021 1154 4090 taciturnitas
1184 4023 1314 4092 modifi·
1376 4021 1377 4096 i
