2764 4740
718 107 723 134 t

267 351 302 416 tt
554 323 808 420 rtonmoauu
829 364 941 420 emm
959 365 1010 420 iv,

265 478 415 548 dimittor
439 507 447 549 :
472 499 529 552 ant
552 487 688 567 vincor,
711 504 744 556 et
763 504 862 582 pacto
884 487 1058 575 absolvor3
1078 512 1117 556 cx
1142 510 1208 578 quo
1231 509 1296 553 non

265 621 370 692 debeo
390 627 596 711 mercedem,
615 633 642 700 si
660 632 748 700 hanc
766 635 907 726 primam
929 659 1061 703 causam
1085 633 1180 702 fuero
1200 655 1300 726 penes
1367 631 1368 650 ¹

261 769 390 862 judices
416 773 530 842 victus.
557 778 607 844 lta
633 802 684 845 me
708 779 798 846 omni
824 777 923 846 modo
947 775 1088 855 liberat,
1111 780 1136 845 si
1165 777 1300 856 vincor,
1367 817 1368 868 1

264 916 435 1004 eonditi03
465 919 490 986 si
521 922 640 1006 vince,
671 923 842 990 sententia.
874 923 994 990 Nonne
1024 923 1116 990 vobis
1145 920 1302 989 videntur

264 1059 333 1126 haec
350 1059 574 1154 sophistarum
598 1080 791 1158 argumenta
815 1065 953 1133 obversa
977 1065 1113 1133 invicem
1138 1065 1208 1131 vice
1231 1065 1299 1156 spi·
1367 1077 1368 1114 t

264 1226 403 1286 narum,
430 1229 512 1296 quas
540 1222 657 1274 ventus
686 1206 911 1294 corrvolvcrit‚
939 1209 1027 1276 inter
1053 1233 1087 1276 se
1112 1207 1300 1294 coherere,
1367 1255 1368 1302 t

264 1345 399 1438 paribus
426 1348 582 1442 utrinque
607 1348 752 1430 aculeis,
779 1350 876 1419 simili
905 1352 1156 1444 penetratione,
1182 1366 1302 1450 mutuo

265 1485 420 1561 vulnere?
436 1493 546 1584 Atque
564 1490 638 1560 idco
655 1518 777 1578 merces
793 1496 983 1588 Protagorae
1000 1508 1066 1561 tam
1082 1517 1216 1586 aspera,
1234 1497 1300 1561 tam

264 1632 442 1719 senticosa,
459 1635 599 1702 versutis
617 1649 648 1702 et
666 1637 772 1703 avaris
789 1633 1005 1728 relinquenda
1023 1651 1080 1704 est.

313 1962 378 2030 Cui
399 1960 522 2029 scilicet
549 1959 655 2029 multo
676 1975 770 2029 tauto
792 1976 926 2058 praestat
950 1960 1006 2028 illa
1030 1961 1131 2030 altera
1157 1987 1301 2049 merces,

266 2129 365 2197 quam
387 2102 522 2173 Thalem
553 2120 736 2171 memorant
767 2105 914 2172 suasisse.
942 2105 1062 2173 Thales
1085 2105 1234 2175 Milesius
1264 2134 1302 2177 cx

267 2263 392 2342 septem
416 2246 479 2316 illis
503 2248 662 2340 sapientia
685 2248 874 2315 memoratis
901 2249 978 2316 viris
1001 2247 1094 2317 facile
1116 2251 1304 2345 praecipuus

266 2390 345 2479 fuit3
361 2392 451 2490 enimv
467 2393 673 2486 geometricae
692 2415 792 2481 penes
807 2393 926 2459 Graios
941 2393 1066 2484 primus
1088 2411 1256 2486 repertor,
1273 2413 1304 2464 et

267 2550 392 2604 naturae
418 2559 527 2603 rerum
549 2535 750 2602 certissimus
779 2533 1035 2628 contemplator,
1064 2539 1221 2606 maximas
1252 2566 1305 2606 res
1367 2565 1368 2576 ¹

266 2679 376 2771 parvis
406 2674 500 2745 lineis
526 2678 680 2770 reperit:
712 2692 899 2771 temporum
937 2679 1100 2766 ambitus,
1128 2697 1303 2752 ventorum

163 2841 166 2844 ·
267 2821 380 2900 flatus,
404 2819 573 2888 stellarum
602 2836 743 2905 meatus,
768 2823 951 2890 tonitruum
980 2848 1100 2892 sonora
1127 2827 1305 2914 miracula,

268 2961 436 3056 fulgurum
465 2959 601 3054 obliqua
627 2959 808 3049 curricula,
833 2961 911 3032 solis
937 2989 1046 3034 annua
1076 2970 1304 3041 reverticula:

267 3106 353 3176 idem
381 3107 467 3176 lunae
496 3106 545 3176 vel
575 3111 736 3176 nascentis
769 3110 993 3194 incrementa,
1021 3111 1070 3180 vel
1105 3121 1307 3186 senescentis

267 3250 461 3345 dispendia,
490 3235 539 3318 vel
566 3249 789 3344 delinquentis
816 3251 995 3323 obstacula.
1021 3255 1111 3325 Idem
1137 3283 1217 3329 sane
1235 3263 1307 3354 jam
1367 3307 1368 3328 t

268 3395 407 3490 proclivi
432 3410 601 3466 senectute
626 3396 771 3464 divinam
796 3398 956 3495 rationem
980 3399 1021 3468 de
1044 3400 1110 3469 sole
1133 3429 1305 3478 commen·

269 3556 322 3610 tus
343 3555 412 3627 cst3
432 3562 532 3634 quam
551 3540 703 3632 equidem
725 3565 790 3607 non
811 3539 909 3608 didici
930 3542 1049 3630 modo,
1071 3553 1308 3622 verumetiam

269 3683 473 3777 experiundo
498 3682 741 3775 comprobavi:
763 3684 893 3774 quoties
917 3683 966 3753 sol
992 3691 1222 3781 magnitudine
1248 3723 1310 3768 sua

269 3823 449 3913 circulum,
468 3849 568 3919 quem
586 3838 754 3918 permeat,
773 3827 939 3894 metiatur.
960 3827 996 3896 ld
1021 3856 1037 3898 a
1063 3857 1097 3902 se
1117 3859 1231 3904 recens
1255 3842 1310 3908 in·
1367 3905 1368 3916 ,

269 3982 407 4038 ventum
420 3967 541 4038 Thales
561 3982 763 4038 memoratur
778 3967 948 4041 edocuisse
963 3976 1201 4071 Mandraytum
1218 3984 1320 4056 Prie
