2790 4740
259 417 293 453 12
560 397 814 454 FLORIDORUM
835 399 945 454 LIBER
968 400 990 453 I.

252 525 381 591 minem
404 521 597 615 depugnare
626 549 633 615 ς
662 537 772 616 togam
801 548 935 616 quoque
961 526 1071 619 parari
1097 539 1129 593 et
1156 539 1234 592 voto
1262 541 1295 591 et

252 655 359 737 funeri
389 693 397 732 ε
425 666 513 733 item.
532 663 633 758 pallio
659 664 820 733 cadavera
845 667 991 760 operiri,
1018 682 1050 735 et
1078 655 1295 762 philbsophos

251 831 388 874 amlcrn.

299 953 340 1020 V.
362 953 456 1020 Bono
476 952 565 1018 enim
583 950 694 1018 studio
712 953 746 1019 in
765 953 933 1021 theatrum
943 953 1159 1035 convenistis,
1181 956 1293 1046 utqui

251 1097 379 1180 sciatis,
404 1121 469 1162 non
492 1093 601 1163 locum
627 1098 856 1164 auctoritatem
883 1096 1043 1191 derogare
1064 1098 1208 1182 oratori,
1235 1097 1321 1164 sed,

251 1267 327 1309 cum
362 1241 477 1334 primis
514 1241 578 1309 hoc
612 1243 827 1334 spectandum
856 1266 955 1329 esse,
984 1241 1065 1334 quid
1099 1243 1132 1309 in
1162 1241 1294 1311 theatro

253 1385 487 1480 deprehendas.
513 1389 599 1456 Nam
623 1386 649 1453 si
673 1385 793 1452 mimus
814 1399 877 1469 est,
895 1353 1027 1455 riseris:
1052 1387 1078 1453 si
1094 1385 1295 1480 funerepus,

253 1530 400 1599 timueris
422 1555 430 1596 :
452 1529 479 1596 si
499 1517 664 1598 comoedus
682 1543 750 1616 est,
776 1529 895 1598 faveris
911 1555 918 1596 :
935 1531 961 1596 si
985 1529 1223 1624 philosophus,
1244 1530 1295 1598 di-

252 1673 381 1741 diceris.

300 1821 359 1886 VI.
376 1817 468 1908 Iudi,
483 1844 563 1913 gens
577 1817 739 1913 populosa
752 1819 934 1888 cultoribus
944 1873 952 1904 ,
963 1834 997 1889 et
1008 1819 1129 1888 finibus
1139 1821 1295 1900 maxima,

251 1961 369 2056 procul
386 1988 405 2029 a
423 1963 519 2030 nobis
535 1961 577 2030 ad
594 1963 764 2030 Orientem
783 1963 853 2048 siti,
870 1988 975 2057 prope
990 1965 1116 2032 Oceani
1132 1963 1294 2044 reflexus,

252 2121 284 2174 et
305 2105 382 2174 solis
403 2121 552 2188 exortus,
573 2106 688 2198 primis
710 2105 893 2192 sideribus,
911 2105 1040 2174 ultimis
1059 2108 1175 2189 terris,
1194 2131 1297 2199 snper

253 2254 426 2348 AEgyptios
453 2252 620 2336 eruditos,
647 2267 680 2320 et
705 2250 837 2320 Judaecs
867 2253 1135 2345 superstitiosos,
1163 2253 1296 2322 et'Na·

253 2395 397 2464 hethaeos
429 2411 647 2476 mercatores,
678 2410 711 2463 et
737 2394 844 2463 fluxos
872 2397 1014 2463 vestium
1043 2393 1234 2479 Arsacidas,
1262 2410 1297 2463 et

252 2541 386 2636 frugum
414 2566 576 2636 pauperes
604 2545 758 2623 Ituraeos,
781 2556 812 2609 et
842 2541 982 2609 odorum
1010 2541 1128 2608 divites
1155 2539 1295 2608 Arabas⁸

252 2691 377 2754 Eorum
400 2689 501 2781 igitur
522 2686 684 2754 Indorum
706 2711 773 2754 non
798 2711 890 2779 aeque
911 2689 1015 2754 miror
1035 2685 1145 2753 eboris
1165 2699 1297 2771 strues,

253 2845 285 2900 et
307 2834 429 2927 piperis
453 2857 593 2915 messes,
615 2847 648 2901 et
669 2833 815 2899 cinnami
840 2855 988 2920 merces,
1013 2847 1047 2899 et
1069 2831 1148 2898 ferri
1172 2845 1298 2924 tempe-

253 2975 389 3063 racula,
410 2991 442 3044 et
464 2979 590 3072 argenti
614 2975 765 3061 metalla,
786 2991 818 3044 et
837 2978 909 3044 auri
931 2976 1079 3063 fluenta3
1100 2987 1183 3061 nec,
1204 2975 1300 3068 quod

253 3124 386 3216 Ganges
403 3120 493 3214 apud
509 3145 565 3188 eos
582 3144 668 3188 unus
684 3120 836 3188 omnium
853 3121 1003 3187 amnium
1019 3085 1197 3206 maximus,

349 3332 416 3387 Eois
435 3343 572 3404 regnator
585 3332 666 3404 aquis
679 3333 710 3386 in
720 3329 848 3388 ‚flumina
864 3343 980 3388 centum

348 3425 506 3495 Discurrit,
523 3436 636 3479 centum
653 3426 739 3481 valles
755 3426 812 3493 illi,
830 3444 935 3498 oraque
950 3437 1078 3497 centum,

349 3517 513 3590 Oceanique
529 3517 607 3573 fretis
626 3530 746 3574 centeno
765 3519 896 3593 jungitur
910 3520 1005 3592 amni:

253 3781 333 3842 nec,
348 3757 438 3850 qnod
455 3757 570 3824 iisdem
585 3756 677 3824 indis
694 3755 817 3825 ibidem
831 3756 901 3824 sitis
917 3756 959 3825 ad
978 3774 1168 3826 nascentem
1185 3758 1297 3845 diem,

251 3919 361 3972 tamen
377 3890 570 3997 incorpore
587 3899 679 3970 color
696 3904 803 3971 noctis
820 3919 869 3972 est
887 3928 894 3970 :
914 3928 990 3992 nec,
1009 3903 1097 3996 quod
1116 3904 1206 3998 apud
1222 3903 1300 3972 illos

256 4048 408 4114 immensi
427 4046 588 4117 dracones
606 4073 680 4116 cum
701 4046 900 4116 immanibus
919 4045 1101 4139 elephantis
1121 4050 1191 4142 pari
1211 4051 1302 4142 peri·
1386 4047 1387 4120 ³
