2764 4740
267 397 308 471 9⁶
570 397 825 452 smarnonuu
843 399 956 453 urana
977 401 1026 453 rr.

267 525 342 614 ejus
362 523 468 614 gratia
491 521 648 588 cohibent
670 545 824 592 cursum.
847 521 992 590 relevant
1014 521 1180 614 gradum,
1202 537 1310 590 rrtar·

270 665 351 733 dant
376 689 497 757 equum
527 692 535 730 :
564 679 596 732 et
626 663 715 734 illico
739 667 774 732 in
801 665 900 758 pedes
926 663 1104 746 desiliunt;
1129 666 1311 757 fruticem,

269 832 367 901 quem
389 806 593 874 verberando
611 831 698 899 equo
719 823 869 900 gestant,
890 832 961 876 earu
984 811 1109 902 virgam
1128 785 1168 876 in
1191 808 1311 878 laevam

270 976 406 1020 manum
425 948 639 1018 transferunt.
658 953 776 1043 ltaque
792 951 946 1064 exppdita
969 953 1085 1020 dextra
1108 952 1254 1041 adeunt,
1275 981 1313 1023 ac

272 1093 419 1163 salutant
437 1120 445 1160 :
461 1107 516 1174 et,
534 1095 561 1160 si
580 1092 709 1161 diutule
726 1093 782 1162 ille
798 1097 969 1190 quippiam
988 1111 1217 1188 percontetur,
1238 1123 1312 1166 am-

274 1235 391 1304 bulant
405 1234 548 1324 diutule,
561 1252 595 1305 et
608 1236 814 1325 fabulantur3
827 1237 970 1332 denique
980 1242 1192 1332 quantumvis
1206 1265 1312 1310 morae

277 1379 311 1444 in
328 1375 439 1445 officio
456 1375 596 1446 libenter
612 1381 794 1446 insumunt.

323 1640 432 1706 XXII.
459 1641 573 1706 Crates
586 1635 658 1724 ille,
671 1639 831 1730 Diogenis
845 1652 1002 1724 sectator,
1015 1637 1072 1730 qni
1088 1653 1123 1707 ut
1137 1642 1204 1706 Lar
1219 1638 1317 1708 fami·

276 1786 366 1855 liaris
381 1785 470 1878 apud
487 1786 637 1853 homines
652 1789 757 1854 aetatis
772 1811 838 1853 sure
854 1787 992 1854 Athenis
1008 1787 1115 1855 cultus
1131 1803 1198 1874 est;
1222 1791 1317 1877 nulla

277 1935 397 2004 domus
415 1937 445 2003 ei
465 1959 610 2026 unquam
630 1932 740 2002 clausa
757 1947 827 2000 erat
846 1959 854 1998 :
874 1956 933 2000 nec
953 1951 1026 2002 erat
1048 1938 1149 2028 patris
1170 1935 1318 2006 familias

274 2099 345 2152 tam
365 2081 798 2176 absconditumlsecretum,
819 2082 898 2173 quin
920 2107 959 2149 eo
981 2085 1173 2176 tempestive
1198 2091 1320 2157 Crates

273 2232 509 2304 interveniret.
529 2229 635 2298 litium
648 2234 802 2298 omnium
821 2245 852 2298 et
869 2233 1055 2324 jurgiorum
1073 2234 1159 2301 inter
1176 2240 1321 2330 propin·

261 2383 362 2472 'qnos
389 2376 586 2470 disceptator
612 2392 712 2468 atque
740 2379 873 2446 arbiter.
899 2379 1000 2468 Quod
1027 2380 1207 2450 Herculem
1237 2384 1321 2454 olim

274 2541 383 2621 poete
410 2539 595 2594 memorant
623 2538 770 2592 monstra
802 2523 855 2591 illa
885 2527 1041 2594 immania
1071 2528 1249 2599 hominum
1284 2559 1324 2602 ac

277 2673 425 2741 ferarum
453 2673 575 2740 virtute
603 2671 767 2764 subegisse
794 2671 974 2763 orbemque
999 2687 1095 2742 terrae
1119 2699 1287 2768 purgasse
1317 2707 1324 2746 :

277 2819 430 2888 similiter
449 2819 623 2888 adversum
642 2819 849 2887 Iracundiam
872 2835 903 2889 et
927 2819 1109 2906 Invidiam,
1130 2825 1326 2895 Avaritiam

273 2982 379 3062 atque
402 2968 607 3055 Libidinem,
631 2984 804 3060 ceteraque
826 2970 929 3037 animi
953 2970 1088 3038 humaui
1113 2989 1269 3044 monstra
1295 2993 1330 3044 ct

276 3115 650 3211 sflagitia,plrilosophus
661 3117 722 3184 iste
734 3115 890 3185 Hercules
905 3116 978 3185 fuit.
993 3122 1057 3186 Eas
1069 3119 1198 3188 omneis
1213 3141 1329 3216 pestes

260 3266 442 3335 -ment-ibus
469 3267 600 3360 exegit,
630 3265 770 3359 familias
799 3269 976 3362 purgavit,
1007 3267 1165 3337 malitiam
1198 3275 1330 3364 perdo·

281 3414 365 3484 muit
390 3438 400 3481 t
426 3413 619 3482 seminudus
648 3429 680 3482 et
712 3416 800 3509 ipse,
828 3431 862 3484 et
891 3415 983 3484 clava
1010 3417 1150 3511 insignis
1167 3443 1189 3509 ¹:
1220 3425 1330 3490 etiam

275 3563 401 3634 'Thebis
415 3562 593 3650 oriundus,
607 3561 694 3631 unde
713 3563 888 3632 Herculem
905 3564 1006 3634 fuisse
1023 3567 1182 3635 memoria
1203 3587 1331 3642 exstat.

279 3713 387 3807 {gitur
409 3713 602 3806 priusquam
626 3709 724 3805 plane
751 3715 866 3782 Crates
898 3712 1024 3800 factus,
1053 3716 1141 3810 inter
1165 3741 1334 3810 proceres

279 3860 453 3929 Thebanos
475 3873 669 3940 numeratus
690 3875 740 3928 est
766 3887 774 3928 :
803 3859 923 3931 lectum
946 3887 1069 3956 genus,
1093 3862 1256 3958 frequens
1282 3873 1333 3942 fa·

281 4007 467 4098 malitium,
495 4008 612 4080 domus
638 4007 749 4102 amplo
773 4025 889 4079 ornata
919 4010 1112 4082 vestibulo:
1140 4015 1212 4106 ipse
1240 4019 1335 4091 bene
