2764 4740
278 390 331 426 tuo
570 369 824 424 FLORIDOIIUM
845 369 958 426 LIBER
980 370 1029 422 IV.

322 498 449 566 XXIII.
467 497 534 586 Qui
559 521 611 564 me
634 494 783 565 voluistis
803 495 913 565 dicere
930 521 969 564 ex
987 511 1163 588 tempore,
1177 497 1314 589 aecipite

274 641 522 728 rudimentum,
546 654 622 735 post
645 641 917 733 experimentum.
943 642 1094 736 Quippe,
1121 655 1222 736 prout
1244 669 1314 710 mm
1371 647 1372 658 ’

274 788 389 886 opinio
406 803 477 874 est,
497 785 588 855 hono
606 783 756 880 periculo
774 783 957 879 perieulum
978 786 1116 873 fariam,
1137 803 1312 882 postquam

275 915 310 1004 re
341 932 481 1024 probata
509 931 667 1002 meditata
696 954 769 998 sum
800 929 949 1000 dicturus
981 931 1169 1024 incogitata.
1198 933 1316 1024 Neque

273 1078 361 1145 enim
379 1091 512 1160 metuo,
533 1099 574 1149 ne
592 1075 627 1141 in
647 1071 774 1142 frivolis
793 1073 1003 1172 dispIIceam,
1023 1076 1080 1168 qui
1102 1077 1137 1142 in
1157 1076 1316 1170 graviori-

274 1221 336 1288 bus
356 1217 478 1313 placui.
501 1214 566 1286 Sed
589 1231 625 1284 ut
646 1241 699 1284 me
719 1214 930 1284 omnifariam
951 1216 1110 1285 noveritis
1132 1242 1140 1285 :
1161 1217 1259 1284 etiam
1283 1219 1313 1284 iu

275 1363 356 1458 isto,
375 1375 413 1429 ut
434 1361 480 1429 ait
499 1356 669 1446 Lucilius,
690 1357 826 1428 schedio
845 1357 1017 1428 incondito
1035 1360 1251 1454 experimini,
1274 1386 1313 1427 au

275 1505 363 1580 idem
384 1505 446 1576 sim
467 1467 678 1602 repentinus,
700 1506 757 1600 qui
779 1520 812 1573 et
832 1519 1057 1600 praeparatus;
1078 1504 1103 1571 si
1127 1505 1185 1598 qui
1206 1517 1316 1571 tameu

275 1653 421 1724 vestnim
447 1648 597 1720 noudum
623 1650 783 1722 subitaria
807 1652 868 1720 ista
893 1664 1007 1724 nostra
1029 1651 1208 1744 cognostis.

321 1869 406 1957 Quae
425 1864 548 1936 scilicet
575 1862 736 1950 audietis,
764 1863 835 1956 pari
868 1861 999 1951 labore,
1027 1888 1094 1957 quo
1123 1864 1317 1948 scribimus,

274 2011 370 2080 venia
385 2008 624 2103 propensiore,
646 2030 747 2099 quam
770 2005 920 2100 legimus.
948 2008 1002 2076 Sic
1027 2010 1115 2076 enirn
1140 2008 1243 2076 ferme
1269 2035 1318 2078 as-

274 2152 357 2225 solet
379 2150 469 2245 apud
493 2150 671 2246 prudentes
694 2154 784 2220 viros
808 2175 878 2220 esse
904 2154 937 2220 in
959 2153 1116 2247 operibus
1139 2151 1319 2240 elaboratis
1374 2193 1375 2198 κ

271 2297 432 2392 judicatio
449 2297 643 2402 restrictior,
666 2297 700 2365 iu
715 2297 814 2366 rebus
837 2299 1004 2370 subitariis
1024 2285 1120 2368 venia
1143 2299 1317 2398 prolixior.

274 2445 404 2540 Scripta
419 2444 506 2514 euim
531 2439 743 2536 pensiculatis
765 2456 799 2512 et
819 2444 1036 2515 examinatis:
1059 2445 1236 2538 repentina
1262 2471 1320 2516 au·

275 2607 341 2662 tem
360 2590 495 2659 noscitis
517 2585 616 2658 simul
633 2603 666 2656 et
682 2589 863 2682 ignoscitis.
886 2591 957 2659 Nec
973 2589 1118 2682 injuria3
1135 2587 1191 2656 illa
1211 2592 1322 2674 enim,
1375 2599 1376 2648 t

275 2761 348 2830 quae
362 2736 486 2830 scripta
503 2731 661 2830 legimus,
678 2734 779 2806 etiam
790 2734 977 2804 tacentibus
990 2733 1086 2803 nobis
1102 2725 1181 2803 talia
1200 2752 1324 2818 erunt,

230 2867 236 2875 ¹
275 2880 387 2976 qualia
402 2877 499 2982 ,illata
518 2893 596 2952 sunt
617 2903 626 2945 t
649 2878 719 2951 haec
740 2900 840 2962 vero,
861 2901 934 2970 quae
955 2879 1267 2974 inpraesentiarum,
1292 2897 1326 2949 et

274 3025 369 3119 qumi
387 3023 559 3092 vobiscum
580 3020 753 3115 partienda
776 3036 875 3106 sunt,
895 3020 974 3090 talia
992 3030 1110 3110 erunt,
1130 3024 1245 3117 qualia
1258 3029 1325 3096 'vos

275 3165 331 3235 illa
348 3164 490 3235 favendo
507 3164 660 3233 feceritis.
680 3165 819 3254 Quanto
837 3167 926 3234 enirn
948 3167 1066 3235 exinde
1084 3168 1230 3238 orationi
1251 3197 1326 3240 rno-

274 3309 450 3397 dificabor,
468 3325 562 3380 tanto
578 3335 596 3378 a
613 3309 706 3379 vobis
723 3312 758 3380 in
773 3310 879 3404 majus
896 3308 1042 3381 tolletur.

322 3584 392 3652 Vos
413 3580 501 3654 enim
521 3575 660 3650 adverto
681 3575 824 3648 libenter
844 3576 969 3648 audire.
990 3577 1134 3652 Proinde
1154 3581 1188 3650 in
1211 3603 1325 3658 restra

275 3751 376 3796 runnu
397 3728 498 3796 situm
520 3739 570 3793 est
595 3722 667 3794 vela
687 3737 802 3796 nostra
829 3724 962 3794 sinuare
988 3739 1020 3794 et
1050 3726 1252 3814 immittere,
1283 3759 1327 3802 ne

274 3863 419 3963 pendula
441 3883 475 3936 et
495 3865 649 3948 llaccida,
670 3889 754 3934 neve
774 3866 926 3934 restricta
946 3882 980 3934 e't
1000 3885 1153 3961 caperata
1175 3873 1254 3942 sint.
1281 3881 1326 3946 At

274 4039 356 4108 ego,
383 4012 473 4106 quod
499 4011 688 4103 Aristippus
716 4008 820 4096 dixit,
842 4013 994 4107 experiar
1017 4038 1025 4081 τ
1049 4015 1240 4114 Aristippus
1269 4022 1328 4091 ille
